2740 4864
667 271 680 288 ,
785 207 1149 300 Jesajas.
1269 215 1436 300 Cap.
1488 209 1601 298 14,
1658 207 1722 278 8.
1757 226 1831 298 9.
2280 205 2435 279 229

197 413 408 472 ,vocem
465 394 628 452 edere
688 412 1006 471 manusque
1061 397 1124 455 in
1169 396 1416 456 sublime
1457 398 1775 468 extollere,
1844 385 2097 457 arbores'
2121 394 2434 473 sylvaeque

200 500 452 552 canere,
506 478 748 560 fulgura
794 479 981 538 Deum
1021 482 1280 559 alloqui,
1341 490 1437 553 et,
1499 493 1734 558 praesto
1776 498 1902 539 esse
1945 497 2068 537 sese
2105 476 2430 550 mandanti,

199 582 535 623 asseverare
594 575 706 622 etc.
803 565 1008 641 Neque
1071 567 1339 646 ignotum
1409 565 1558 623 illud
1634 564 1899 625 Vinum!
1962 563 2162 641 Eelog.
2210 562 2277 634 ὅ,
2321 564 2427 623 68.

200 648 344 728 Ipsi
399 649 639 706 laetitia
694 668 867 708 voces
930 651 1016 709 ad
1067 652 1274 709 sidera
1313 649 1574 723 jactant
1631 648 1876 708 Intonsi
1931 658 2188 724 montes3
2254 649 2428 728 ipsas

185 736 330 809 jam
369 734 642 792 car-mina
683 753 905 815 rupes,
951 731 1102 814 Ipsa
1142 745 1357 794 sonant
1393 734 1662 795 arbusta.
1749 733 1815 792 ln
1863 746 2101 806 nostro,
2146 733 2246 790 ubi
2292 751 2429 807 per·

196 819 469 877 radentis
500 822 693 878 omnia
725 817 924 899 gandii
955 822 1220 900 pingitur
1241 821 1601 895 amplitudo,
1652 823 1910 896 cupressi
1943 832 2002 877 et
2026 817 2183 875 cedri
2219 818 2425 876 Libani

195 907 533 963 universam
581 904 793 984 Syriae
836 917 897 962 et
949 903 1318 964 Palaestinae
1376 907 1716 986 regionem,
1786 924 1959 981 quam
2001 922 2169 960 mons
2216 903 2421 962 Libani

194 989 656 1066 nobilitaverat,
721 993 975 1064 sistunt,
1046 1000 1105 1049 et
1150 993 1287 1066 quia
1330 1008 1639 1067 procerae,
1708 992 1955 1048 eximiae
1996 991 2228 1065 lateque
2275 1007 2447 1045 con-·

195 1074 440 1150 spicuae
481 1075 720 1134 arbores
761 1077 930 1151 illae,
973 1079 1169 1150 magni
1211 1079 1501 1153 principes
1542 1093 1822 1156 regesque
1862 1092 2030 1151 saepe
2070 1074 2144 1129 iis
2189 1072 2419 1152 signifi·

193 1169 453 1230 cantur,
513 1159 584 1218 cs.
628 1159 781 1218 Dan.
818 1162 882 1232 4,
917 1163 1013 1219 10.
1047 1161 1144 1218 ll.
1198 1161 1314 1219 Jes.
1342 1164 1404 1234 2,
1441 1163 1535 1219 13.
1603 1164 1701 1234 1⁰,
1738 1161 1828 1218 18.
1857 1160 1962 1219 33.
1997 1160 2103 1216 34.
2148 1161 2255 1230 40,
2289 1159 2418 1226 24..

193 1253 252 1300 et
312 1242 582 1303 Gasssu'
625 1242 912 1322 Plaeilolog.
971 1242 1038 1304 S.
1103 1264 1239 1326 pag.
1286 1247 1467 1305 1107.
1526 1247 1663 1305 edit.
1719 1242 1900 1303 Dath.
1980 1244 2143 1303 Nam·
2176 1241 2418 1302 Versum

195 1338 468 1386 nostrum
510 1332 749 1406 proprie
800 1348 1005 1406 capere
1061 1330 1134 1389 de
1175 1331 1520 1404 arboribus,
1576 1350 1721 1409 quas
1764 1329 2105 1389 exscindere
2141 1329 2414 1404 amplius,

196 1414 270 1471 ad
314 1415 595 1472 struenda
626 1415 761 1472 inde
798 1413 1062 1473 fastuosa
1089 1417 1338 1493 palatia,
1383 1425 1488 1474 aut
1518 1414 1775 1495 paranda
1805 1415 2011 1473 bellica
2037 1412 2416 1485 munimenta,
2504 1475 2509 1484 .

194 1516 318 1555 non
363 1511 562 1576 posset
603 1502 831 1558 excisus
874 1499 1271 1579 Babylonius,
1341 1500 1496 1574 foret
1539 1502 1807 1572 tenuius,
1857 1518 2028 1576 quam
2075 1508 2142 1556 ut
2183 1500 2414 1571 ceteris,

197 1582 266 1640 de
314 1585 525 1661 quibus
567 1586 797 1662 agitur,
852 1587 997 1642 satis
1039 1589 1396 1646 conveniret.
1480 1585 1938 1645 Hicaonnws:
1993 1580 2415 1660 „Per-abietes

194 1677 253 1724 et
293 1669 507 1726 cedros
537 1667 758 1726 Libani
785 1671 1079 1747 principes
1114 1673 1380 1749 gentium
1409 1671 1698 1751 intellige,
1743 1673 1841 1747 qui
1876 1666 2415 1729 Nabuchodonosor

193 1755 561 1830 percutiente
604 1755 817 1811 succisi
863 1768 1040 1827 sunt,
1116 1756 1218 1832 qui
1255 1765 1314 1813 et
1356 1756 1471 1832 ipsi
1510 1757 1569 1812 in
1611 1775 1810 1814 vocem
1854 1755 2114 1813 laetitiae
2152 1770 2415 1829 perrum-

193 1849 401 1914 pentes
456 1837 685 1897 dicunt:
762 1858 837 1897 cx
890 1858 1006 1916 quo
1064 1841 1136 1898 ad
1195 1839 1431 1898 inferna
1480 1839 1764 1900 deductus
1827 1847 1949 1910 est,
2007 1838 2204 1897 nullus
2260 1837 2414 1896 alius

193 1925 392 2001 potuit
430 1924 726 1999 inveniri,
766 1926 868 2004 qui
906 1942 1155 2005 magnos
1195 1934 1578 2004 potentesque
1619 1924 2012 1985 succideret.“

367 2091 434 2151 9.
519 2089 797 2168 Sequitur
836 2095 983 2167 orei,
1019 2094 1141 2152 sire
1183 2093 1445 2152 infernae
1484 2096 1747 2174 regionis
1784 2092 2172 2153 audacissima
2213 2109 2414 2169 proso-

194 2177 477 2255 popoeia:
520 2181 741 2236 excitat
784 2179 881 2236 ille
925 2179 1147 2237 incolas
1192 2177 1353 2251 su'os,
1395 2181 1729 2258 principum
1773 2197 1974 2238 manes
2014 2187 2074 2236 et
2111 2176 2412 2236 defuneto-

196 2282 326 2320 rum
385 2281 591 2341 regum
641 2262 910 2339 umbras3
960 2264 1230 2339 protinus
1275 2283 1479 2323 omnes
1523 2266 1592 2324 de
1631 2265 1800 2324 soliis
1841 2271 2133 2344 surgunt,
2189 2274 2248 2318 et
2286 2263 2413 2340 regi

194 2347 523 2426 Babylonio
564 2349 824 2407 venienti
866 2348 1093 2407 obviam
1137 2349 1496 2426 procedunt3
1561 2351 1851 2408 insultant
1905 2350 1961 2406 ei
2020 2356 2080 2404 et
2138 2347 2412 2418 illudunt,

190 2445 251 2492 et
291 2453 372 2492 ex
411 2436 651 2509 ejusca
584 2435 910 2492 calamitate
943 2452 1084 2491 suae
1109 2435 1288 2493 sortis
1319 2436 1610 2513 quaerunt
1637 2435 1863 2492 solatia.
1946 2430 2206 2492 Eandem
2236 2432 2414 2488 etiam

189 2537 429 2576 scenam
473 2537 604 2576 cum
644 2516 840 2577 eodem
883 2520 1288 2594 adjunctorum
1326 2528 1616 2596 apparatu
1656 2519 1894 2598 egregie
1939 2517 2222 2574 instruxit
2263 2514 2415 2573 Eze-

190 2603 371 2677 chiel,
394 2600 536 2679 Ca‘p.
564 2603 669 2673 32,
707 2605 879 2660 18-
893 2605 1015 2675 32,
1038 2607 1139 2681 qui
1170 2622 1277 2682 pro
1318 2623 1483 2662 more
1520 2604 1675 2661 hanc
1716 2605 2026 2683 imaginem
2070 2602 2246 2658 etiam
2290 2618 2415 2659 am-

188 2689 440 2768 plifieet.
526 2684 692 2778 ὲῆκιρ
732 2707 856 2746 esse
901 2680 1089 2773 α’δην,
1156 2707 1262 2747 seu
1305 2706 1509 2747 orcum
1551 2687 1986 2760 Hebraeorum,
2042 2686 2414 2744 notissimum

190 2786 324 2845 est,
381 2784 442 2830 et
482 2755 684 2831 aderat
715 2773 836 2846 jam
882 2793 1060 2851 supra
1091 2776 1290 2847 5,14.
1391 2772 1559 2832 Istud
1601 2775 1784 2854 igitur
1822 2782 2187 2832 mortuorum
2229 2771 2414 2829 veluti

186 2857 638 2917 contubernium
680 2868 877 2950 »Ἧι-ι,
942 2859 1312 2920 exturbatur
1355 2857 1790 2932 vehementius,
1851 2865 2133 2935 tanquam
2172 2856 2414 2933 inopina

188 2945 526 3020 praesentia
582 2945 725 3003 novi
780 2956 841 3001 et
899 2946 1078 3004 invisi
1133 2944 1368 3003 sodalis.
1455 2948 1621 3031 ῆιςῆτι
1664 2937 1888 3044 ῆκἸΡξ
1936 2942 2139 3000 Cauca
2181 2942 2274 3000 em·
2317 2942 2413 2998 in-

193 3031 422 3087 troicus
461 3038 621 3086 recte
660 3031 840 3087 vertit
863 3030 1088 3107 Syrus,
1129 3048 1423 3108 perperam
1453 3031 1723 3109 sequenti
1748 3009 2019 3103 adjunxit
2044 3025 2411 3085 hemistichio

191 3112 492 3193 Vitringa.
580 3110 797 3190 Nempe
840 3124 983 3203 τλῆ,
1024 3117 1180 3191 quod
1217 3116 1449 3193 proprie
1476 3116 1709 3173 videtur
1736 3113 2099 3193 significasse
2132 3119 2411 3186 tremere,

190 3198 463 3256 adhiberi
504 3199 684 3269 solet,
726 3197 828 3256 nbi
868 3181 1185 3260 violentior
1224 3198 1464 3258 affectus
1506 3203 1669 3273 irae,
1710 3208 1945 3271 metus,
1985 3196 2417 3269 admirationis,

190 3285 340 3361 quin
394 3291 455 3338 et
509 3282 712 3360 gaudii
765 3282 882 3343 Jer.
925 3286 1029 3355 30,
1064 3290 1123 3345 9.
1164 3286 1594 3361 exprimendus.
1678 3277 1831 3366 ἘΦ
1872 3289 2078 3370 mtto]
2122 3276 2207 3370 Ἱῑι
2248 3283 2412 3343 ἿἻΌ

188 3378 346 3467 Vna?
387 3380 582 3446 Ἷιηξ
617 3366 923 3427 &citam
944 3371 1087 3428 ‘erit
1126 3369 1277 3441 eibi,
1324 3382 1562 3447 propter
1604 3378 1696 3438 te,
1736 3347 1968 3440 melnes,
2008 3383 2200 3423 omnes
2234 3345 2417 3444 prin-

187 3455 366 3531 cipes
407 3461 626 3510 terrae.
711 3450 962 3513 Verbum
1000 3457 1381 3515 masculinum
1425 3458 1590 3516 'miz’
1628 3451 1930 3524 suscitat,
1979 3460 2050 3506 ut
2082 3469 2221 3509 mox
2251 3459 2318 3509 n
2324 3458 2421 3533 ΡΓι

193 3555 455 3613 surgere
481 3537 683 3612 facit,
748 3537 1108 3599 referendum
1168 3547 1254 3599 est
1299 3538 1372 3595 ad
1415 3522 1581 3604 ²:2³⁸&
1633 3494 2101 3607 Nominativum‚
2166 3552 2416 3592 consen-

192 3623 515 3692 tientibus,
572 3620 726 3700 quod
786 3623 860 3681 ad
903 3629 1070 3687 ἾἾῆιι
1111 3625 1365 3694 attinet,
1415 3608 1675 3702 antiquis
1731 3618 2145 3695 interpretibus
2191 3626 2417 3695 praeter

194 3724 385 3765 unum
432 3706 911 3767 Alexandrinum.
1011 3709 1212 3787 Neque
1261 3708 1557 3783 obstabit,
1605 3702 1762 3786 quod
1814 3716 1971 3765 ΠτῦἾ
2028 3712 2418 3780 praecesserat

195 3791 391 3851 forma
426 3790 729 3851 feminina.
814 3794 964 3854 Nam
1005 3789 1171 3859 bimi
1213 3804 1301 3851 est
1342 3796 1574 3873 generis
1614 3770 1975 3859 communis,
2033 3799 2093 3846 et
2132 3788 2280 3849 Hos.
2315 3788 2416 3861 14,

197 3879 302 3935 14.
359 3874 488 3934 Job.
518 3877 622 3949 26,
650 3878 712 3936 6.
770 3889 838 3935 ut
879 3865 1263 3937 masculinum
1323 3882 1710 3938 construitur·
1796 3881 1864 3935 n
1869 3885 2002 3935 ΝΒἿ
2061 3886 2153 3933 est
2208 3892 2418 3934 nomen

194 3960 568 4039 gentilicium
621 3960 770 4021 Gen.
806 3965 997 4036 14,5.
1063 3964 1162 4038 15,
1187 3967 1291 4021 20.
1347 3959 1475 4024 Jos.
1517 3967 1616 4039 17,
1653 3963 1749 4020 15.
1806 3969 1867 4016 et
1925 3940 2275 4051 appellatum
2333 3961 2418 4015 ita

195 4047 306 4107 fiat
365 4063 554 4125 genus
608 4044 907 4107 hominum
962 4067 1266 4126 procerum
1331 4058 1561 4109 statura
1614 4045 1914 4145 corporis,
1952 4042 2147 4102 Dent.
2201 4039 2414 4118 3,11.

198 4130 323 4193 Sed
363 4132 747 4205 designantur
785 4133 984 4192 eodem
1026 4136 1260 4192 nomine
1303 4137 1478 4194 etiam
1520 4131 1766 4204 mortui,
1808 4140 1867 4187 et
1903 4130 1967 4187 id
2006 4128 2236 4206 quidem
2274 4129 2418 4186 loeis

198 4218 353 4276 bene
392 4217 634 4287 multis,
682 4236 714 4274 e
756 4217 964 4295 quibus
988 4216 1236 4278 sufficiat
1262 4224 1544 4301 allegasse
1573 4219 1690 4278 Jes.
1722 4213 1828 4288 26,
1859 4216 1959 4272 14.
1989 4225 2047 4271 et
2074 4214 2167 4272 Pa.
2198 4211 2419 4284 88,11.

207 4304 379 4372 Quae
427 4298 547 4361 duo
586 4318 766 4377 quum
809 4302 964 4363 inter
998 4323 1070 4389 *se
1107 4308 1405 4367 nescirent
1449 4319 1816 4387 componere,
1850 4299 1954 4357 alii
1996 4299 2425 4365 existimarunt,
