2740 4864
344 272 499 346 290
1056 263 1418 368 Jesajas.
1531 274 1699 369 Gap.
1760 288 1869 361 19.
1929 294 1936 297 ·

357 456 597 525 δώδεκα
633 457 1084 540 ποιησαμένους
1131 460 1544 536 sumposion
1585 458 1768 538 'plebe
1810 455 1894 516 ad
1936 454 2217 516 tumuleus
2263 463 2325 516 el
2374 457 2628 523 caedes*

362 548 688 605 intestinas
727 562 1054 614 conversa,
1111 536 1415 603 duedecim
1470 544 1649 602 duces
1694 544 2029 629 primarios
2075 561 2138 601 se
2182 542 2386 622 ipsos,
2446 561 2595 601 con-

353 630 898 706 ,ὶιιηοτίοηο’ἕπεἠι,ἱ
926 647 1093 706 reges
1121 626 1348 701 fecisse,
1392 638 1471 703 et,
1514 629 1785 708 Aegypto
1828 628 1986 685 inter
2017 646 2079 687 se
2119 626 2328 701 divisa,
2363 637 2594 686 statum

364 717 648 777 firmasse.
747 713 867 774 Sed
920 731 1051 772 cum
1105 712 1412 773 duodecim
1467 714 1580 781 illi.
1614 730 1785 791 reges
1850 730 1953 789 per
2014 730 2201 771 annos
2259 712 2596 788 quindecim

365 803 636 881 Aegypto
691 798 1107 874 imperassent,
1173 799 1317 857 ortis
1361 799 1579 879 jurgiis
1636 796 1933 874 turbisque
1986 797 2256 855 civilibus
2309 814 2597 880 summam

369 904 564 945 rerum
606 883 937 959 devolutam
980 901 1104 941 esse
1153 885 1228 942 ad
1268 902 1449 942 unum
1493 880 2002 943 Psammetichum.
2087 880 2280 957 Hujus
2323 880 2462 940 beili
2505 881 2600 939 ci·

367 971 508 1029 vilis
550 986 782 1025 causam
826 966 1124 1025 Diodorus
1167 967 1301 1026 inde
1339 968 1587 1044 repetit,
1638 966 1793 1045 quod
1832 965 2324 1038 Psammetichus,
2368 965 2602 1037 Saites,

373 1055 472 1112 cui
524 1051 854 1110 maritimae
898 1053 1152 1130 Aegypti
1209 1050 1349 1111 orae
1405 1052 1784 1133 obtigerunt,
1852 1049 2078 1110 aditum
2132 1051 2205 1109 ad
2256 1051 2603 1128 Aegyptum

374 1140 616 1198 liberum
650 1134 873 1193 faciens
909 1136 1295 1195 Phoenicibus
1339 1145 1401 1195 et
1441 1137 1702 1207 Graecis,
1749 1154 2107 1215 magnasque
2149 1135 2264 1192 sihi
2306 1135 2605 1213 colligens

348 1231 580 1295 ‘opes,·
611 1228 669 1276 et
726 1221 1012 1278 amicitias
1068 1220 1409 1280 etiamsihi
1472 1237 1812 1298 comparans
1859 1227 2195 1285 exterorum
2244 1217 2606 1296 principum,

376 1307 735 1381 reliquorum
771 1305 1025 1384 Aegypti
1063 1325 1266 1380 regum
1314 1306 1377 1362 in
1421 1322 1484 1359 se
1526 1301 1911 1381 concitaverit
1956 1296 2272 1372 invidiam,
2316 1302 2419 1379 qui
2459 1320 2604 1378 pro·

376 1387 512 1444 inde
540 1388 651 1460 ipsi
679 1389 998 1445 intulerint
1022 1385 1260 1459 bellum,
1298 1403 1374 1443 ex
1404 1403 1540 1462 quo,
1567 1385 1873 1443 commisso
1902 1385 1975 1443 ad
2003 1383 2315 1458 Memphim
2348 1387 2608 1465 proelio,

376 1471 570 1530 victor
614 1467 821 1527 abierit
861 1469 1348 1542 Psammetichus,
1393 1469 1616 1527 auxilio
1658 1465 1889 1543 Ionum,
1935 1466 2166 1543 Carum,
2211 1471 2606 1528 Graecorum-

378 1569 514 1637 que,
557 1570 703 1629 quos
732 1554 857 1627 ipse
887 1554 1249 1613 conduxerat
1283 1556 1516 1627 milites,
1544 1553 1796 1627 adjutus.
1885 1552 2119 1613 Turbae
2146 1553 2318 1612 hasce
2345 1555 2608 1633 Aegypti

380 1640 644 1697 internas
698 1655 735 1695 a
776 1649 912 1697 vate
962 1651 1163 1697 nostro
1224 1641 1286 1697 in
1343 1638 1455 1697 hoc
1497 1639 1752 1697 carmine
1796 1639 2044 1716 respici,
2109 1640 2612 1715 praestantissimi

371 1722 710 1800 jamdudum
753 1722 1029 1782 viderunt
1076 1724 1454 1801 interpretes,
1511 1721 1717 1800 quihus
1760 1732 1818 1780 et
1867 1741 1974 1780 nos
2018 1724 2291 1782 accedere
2330 1728 2464 1781 non·
2492 1722 2610 1779 du-

318 1832 324 1838 ·
383 1807 676 1880 bitenius,
751 1826 926 1885 quum
985 1807 1096 1865 hac
1147 1819 1403 1865 assumta
1457 1805 1764 1885 hypothesi
1819 1816 2007 1865 totum
2061 1819 2289 1866 carmen
2349 1808 2614 1867 clariore

356 1902 662 1969 appareat
701 1892 852 1952 luce.
940 1888 1155 1950 Incidit
1194 1888 1405 1951 bellum
1450 1891 1594 1949 illud
1633 1894 2054 1970 Aegyptiorum
2096 1894 2269 1952 civile
2315 1892 2379 1949 in
2425 1893 2616 1967 initia.

384 1975 706 2050 Manassis,
747 1978 906 2058 regis
945 1976 1162 2050 Judae,
1214 1979 1368 2036 unde
1410 1975 1663 2034 dubitari
1708 1978 1927 2053 possit,
1977 1988 2174 2035 utrum
2213 1976 2326 2036 hoc
2364 1994 2616 2035 carmen

389 2080 427 2119 a
458 2059 681 2135 Jesaja,
733 2080 809 2118 an
857 2063 1056 2135 potius
1100 2063 1171 2119 ah
1213 2064 1369 2132 alio,
1423 2062 1620 2139 paullo
1662 2064 1880 2119 seriore
1916 2071 2083 2134 vate,
2128 2062 2452 2141 profectum
2495 2062 2611 2123 sit.

386 2143 609 2218 Jessjae
652 2148 821 2222 plane
863 2146 1160 2222 abjudicat
1200 2156 1259 2206 et
1294 2148 1398 2204 alii
1438 2145 1664 2207 cuidam
1696 2147 1838 2217 vati,
1879 2148 1982 2225 qui
2011 2144 2281 2206 Manasse
2318 2157 2618 2227 regnante

386 2232 715 2310 Aegyptpm
762 2229 993 2305 adierit,
1034 2230 1146 2290 hoc
1182 2232 1522 2291 vaticinium
1566 2229 1773 2288 tribuit
1812 2229 2154 2291 Encmroau
2198 2234 2259 2290 in
2294 2230 2617 2307 Prophetis

388 2334 427 2372 a
470 2333 530 2371 se
574 2317 883 2373 vernacule
931 2319 1116 2374 versis
1170 2326 1233 2383 et
1290 2316 1597 2374 illustratis
1643 2313 1779 2390 (dio
1820 2313 2208 2376 hebraica-en
2249 2313 2619 2394 Prophetae,

310 2396 315 2403 ’
387 2398 441 2460 l.
480 2398 547 2460 Β.
600 2400 869 2482 (ἳόιείης.
918 2400 1101 2463 1816.
1152 2403 1210 2461 8.
1270 2420 1329 2479 p.
1364 2397 1545 2476 355.)
1660 2398 1861 2478 Neque
1918 2403 2073 2461 enim
2121 2400 2396 2463 credibile
2450 2414 2619 2478 esse,

384 2484 661 2560 Jesajam,
703 2489 803 2565 qui
843 2507 912 2545 eo
957 2490 1107 2565 ipso,
1154 2507 1272 2566 quo
1316 2486 1488 2547 Usias
1530 2503 1637 2544 rex
1675 2485 1858 2558 obiit,
1900 2503 2055 2546 anno
2095 2485 2434 2566 'prophetico
2474 2506 2618 2545 mu-

386 2591 529 2630 nere
572 2570 745 2648 fungi
789 2575 1041 2650 coeperit
1086 2570 1193 2650 (cf.
1230 2570 1348 2630 Jes.
1388 2569 1450 2642 6,
1490 2568 1617 2649 L),
1680 2570 1782 2646 qui
1822 2569 2003 2631 fuerit
2043 2589 2233 2630 annus
2276 2572 2422 2632 758.
2462 2584 2618 2633 ante

390 2654 691 2714 Christum
737 2669 975 2730 natum,
1047 2658 1149 2715 illo
1192 2656 1383 2716 adhuc
1429 2656 1691 2715 functum
1738 2673 1863 2714 esse
1901 2676 2056 2716 anno
2100 2660 2242 2716 660.
2290 2671 2424 2717 ante
2464 2654 2617 2717 chr.

390 2752 546 2813 nat„
601 2760 718 2818 quo
766 2734 1259 2815 Psammetichus,
1318 2742 1392 2799 ad
1434 2760 1600 2819 quem
1643 2737 1749 2800 Vs.
1784 2745 1846 2801 4.
1896 2743 2219 2815 alluditur,
2283 2761 2474 2809 rerum
2519 2745 2617 2802 sit

388 2825 634 2901 potitus.
725 2822 841 2883 Sed
880 2827 1048 2902 plura
1091 2826 1366 2885 decennia
1408 2827 1602 2906 prius,
1655 2843 1828 2903 quam
1870 2830 2049 2908 vulgo
2092 2825 2457 2904 chronologi
2504 2847 2622 2887 su-

390 2918 580 2980 munt,
626 2910 735 2967 suh
778 2912 1022 2984 exitum,
1061 2919 1226 2990 puta,
1267 2911 1502 2988 septimi
1548 2920 1683 2968 ante
1720 2907 1862 2969 Chr.
1894 2922 2022 2973 nat.
2069 2914 2282 2987 seculi,
2328 2912 2616 2972 dodecat-

394 2992 560 3050 chise
599 2993 771 3051 finem
815 2996 1145 3071 ponendum
1188 3012 1344 3068 esse,
1400 2997 1486 3053 ita
1525 3006 1593 3053 ut
1636 2995 1829 3054 ultimi
1872 2996 1994 3070 ejus
2031 3000 2172 3056 anni
2213 2998 2277 3056 in
2317 2994 2619 3057 Manassis

392 3078 566 3136 initia
612 3077 956 3152 inciderent,
1001 3082 1212 3158 quippe
1253 3082 1353 3158 qui
1395 3082 1551 3138 circa
1592 3098 1808 3138 annum
1850 3081 1993 3141 696.
2031 3100 2278 3162 regnare
2320 3085 2620 3160 coeperit,

390 3161 851 3221 Psammetichus
892 3183 1028 3222 vero
1069 3166 1228 3223 circa
1256 3181 1471 3223 annum
1503 3165 1668 3236 699.,
1709 3165 2017 3226 ostendere
2042 3166 2267 3227 studuit
2297 3165 2620 3229 (insumus

391 3249 458 3306 in
488 3242 916 3307 Commentario
946 3250 1008 3307 in
1038 3250 1285 3323 Jesajsm
1325 3249 1389 3308 P.
1417 3248 1465 3307 1.
1510 3268 1565 3327 p.
1602 3249 1742 3309 595.
1775 3269 1932 3327 seqq.
2015 3249 2144 3310 Jam
2176 3270 2318 3310 vero
2338 3250 2620 3315 Manasse

389 3349 635 3412 regnum
669 3343 998 3409 capessente
1023 3335 1267 3407 Jesajam
1303 3333 1493 3393 adhuc
1527 3336 1681 3393 inter
1706 3336 1872 3394 vivos
1902 3334 2102 3410 fuisse,
2143 3354 2390 3416 arguere
2418 3338 2620 3400 videri

391 3417 540 3476 illud
585 3419 791 3495 possit,
831 3419 988 3497 quod
1019 3413 1350 3479 Talmudici
1392 3429 1586 3481 vatem
1628 3419 1793 3496 impii
1834 3417 1995 3478 illius
2034 3423 2192 3502 regis
2230 3423 2399 3496 jussu
2441 3429 2620 3483 serra

394 3520 520 3561 esse
558 3503 867 3563 dissectum
911 3504 1170 3564 tradunt.
1216 3504 1378 3582 (Vid.
1413 3501 1760 3563 ciarzovn
1801 3501 2294 3565 Introductiones
2335 3507 2401 3565 s‘n
2434 3505 2503 3566 V.
2534 3507 2617 3568 Τ.

392 3585 577 3646 libros
608 3587 1001 3667 propheticos
1045 3609 1098 3667 p.
1132 3586 1273 3665 96.)
1359 3588 1577 3648 Verum
1618 3590 1671 3646 si
1707 3590 1881 3649 etism
1922 3589 2142 3665 demus,
2188 3586 2440 3668 Jesajam
2485 3596 2620 3669 pri-

391 3673 504 3730 mis
563 3671 848 3731 Manassis
903 3675 1075 3733 annis
1128 3684 1189 3733 et
1243 3673 1350 3732 suh
1400 3676 1592 3732 initiis
1646 3672 2056 3735 Psammetichi
2110 3676 2298 3736 adhue
2348 3679 2618 3749 vixisse;

394 3766 588 3814 tamen
633 3757 940 3817 admodum
982 3762 1287 3832 incertum,
1330 3761 1496 3818 illum
1537 3766 1683 3816 tunc
1724 3770 1785 3819 et
1826 3762 2110 3820 vaticinia
2150 3760 2418 3822 edidisse.
2503 3765 2615 3823 ait

392 3839 622 3917 quidem
670 3840 952 3901 Gesenius
994 3842 1083 3921 (p.
1112 3845 1323 3919 694),
1383 3853 1649 3903 nostrum
1689 3847 2030 3905 vaticinium
2078 3866 2208 3905 cum
2247 3849 2417 3919 aliis,
2458 3867 2619 3926 quae

392 3925 718 3984 indubitate
759 3940 897 3987 sunt
935 3928 1242 4003 Jesajana‚
1305 3931 1464 4006 stylo
1523 3936 1584 3985 et
1638 3930 2015 4007 eloquutione
2057 3934 2228 4007 piane
2272 3936 2616 4006 convenire.

390 4009 481 4070 Ad
529 4011 682 4088 quod
734 4012 1096 4089 probandum
1157 4010 1421 4071 conferre
1466 4012 1634 4086 jubet
1690 4017 1882 4073 nostri
1933 4017 2206 4075 vaticinii
2249 4014 2496 4076 Versum
2544 4023 2614 4079 2.

390 4111 520 4152 cum
562 4097 623 4167 3,
659 4097 863 4157 1—8.
893 4101 950 4157 9.
986 4099 1081 4167 la.
1120 4099 1247 4172 m,
1309 4095 1553 4156 Versum
1583 4098 1641 4154 3.
1685 4116 1814 4156 cum
1859 4102 1920 4173 3,
1954 4104 2011 4160 3.
2037 4103 2097 4160 4.
2147 4105 2214 4176 8,
2246 4104 2342 4160 19.
2385 4103 2448 4175 9,
2485 4107 2621 4180 lo„

386 4177 634 4238 Versum
676 4183 769 4241 13.
812 4202 946 4244 cum
987 4183 1051 4256 3,
1087 4183 1224 4256 12„
1288 4180 1536 4241 Versum
1574 4183 1668 4242 14.
1710 4201 1840 4241 cum
1883 4187 1987 4259 20,
2020 4187 2156 4259 lo.‚
2218 4186 2460 4247 Versum
2503 4191 2613 4251 15.

382 4279 515 4323 cum
558 4270 620 4338 9,
654 4268 750 4327 13.
836 4269 997 4328 Sane
1034 4277 1285 4345 utroque
1334 4267 1445 4326 hoc
1487 4268 1697 4327 ultimo
1742 4269 1871 4329 loeo
1912 4272 2190 4352 leguntur
2233 4272 2409 4332 verba
2452 4274 2613 4338 τύιξἻ

375 4351 597 4444 ῙὯξξ)
637 4361 778 4440 57ng
815 4366 967 4447 ³332.
1036 4353 1154 4416 Sed
1187 4353 1521 4433 in·reliquis
1552 4353 1801 4412 invicem
1837 4345 2190 4434 comparatis
2222 4358 2365 4417 locis
2395 4377 2617 4434 parum
