2740 4864
792 286 1163 386 Issajas.
1276 293 1443 388 pr.
1480 288 1603 385 37,
1658 289 1780 369 56.
2252 290 2405 367 513

165 473 469 534 Heumann
511 470 862 535 obser-van.
896 495 1084 556 super
1114 475 1388 551 Oriente,
1428 474 1493 534 P.
1526 473 1573 537 l.
1620 498 1673 554 p.
1696 476 1797 536 65.
1835 479 2163 554 pernicioso
2200 479 2304 541 mo
2333 479 2395 543 in

173 560 439 617 Orientis
483 561 824 637 regionibus
866 561 1057 634 Euro,
1100 563 1282 643 vulgo
1317 559 1557 620 Samum
1597 563 1774 636 dieto,
1820 571 2048 623 tantum
2095 564 2395 628 hominum

165 661 476 702 numerum
511 646 765 703 occisum
798 665 924 704 esse
965 657 1156 722 putat.
1242 641 1360 706 Sed
1400 646 1537 705 huic
1576 647 2247 725 sententiae‘praecipue
2290 652 2394 710 ob-

161 741 286 790 stat
323 728 466 802 hoe,
527 730 683 806 quod
726 744 932 789 ventus
979 731 1081 789 ille
1124 731 1377 790 interdiu
1424 742 1650 789 tantum
1700 733 1846 790 oriri
1890 735 2073 807 solet,
2134 743 2195 793 et
2232 729 2390 796 solos

166 832 289 886 eos,
331 815 432 890 qui
466 810 672 886 faeiem
716 814 830 891 ipsi
873 817 1211 887 obvertunt,
1261 813 1509 875 occidit.
1587 817 1710 873 Alii
1744 813 2067 891 Tin-haeae,
2109 822 2232 878 sive
2269 811 2393 878 Ta·
2499 886 2506 898 ¹

164 899 449 968 roconis,
497 897 691 957 subito
741 901 802 956 in
846 902 1130 959 auxilium
1168 897 1416 959 Hiskiae
1456 901 1863 973 adventantis,
1920 906 2098 962 armis
2138 916 2393 985 stragem

162 985 326 1041 illam
371 983 748 1059 Assyriorum
794 986 1010 1043 editam
1063 987 1334 1044 arbitrati
1374 996 1531 1045 sunt.
1617 984 1737 1044 Sed
1778 1003 1885 1043 nec
1932 988 2086 1045 ullus
2129 990 2278 1047 alius
2327 992 2390 1048 in

160 1071 399 1146 scriptis
426 1067 823 1127 Hebraeorum
862 1071 1025 1142 locus
1065 1080 1281 1142 exstat,
1323 1072 1387 1128 in
1418 1090 1533 1148 quo
1573 1080 1826 1149 strages,
1870 1072 1934 1128 in
1971 1073 2196 1147 proelio
2233 1076 2390 1134 inter

158 1155 485 1212 exercitum
528 1153 706 1226 edita,
747 1153 859 1211 hoc
889 1156 1060 1214 modo
1093 1155 1476 1225 describatur,
1517 1173 1623 1212 nec
1659 1172 1764 1212 cur
1805 1154 1878 1213 ad
1921 1157 2097 1216 talem
2129 1168 2387 1238 stragem

159 1235 599 1298 describendam
642 1240 751 1296 tali
791 1241 1048 1297 dictione
1094 1237 1297 1332 [1-τέΗῖ
1358 1237 1583 1334 ηιξξζ]
1640 1257 1779 1297 usus
1834 1242 1914 1297 sit
1968 1243 2258 1318 scriptor,
2315 1263 2387 1302 ea

159 1324 416 1402 cogitari
460 1333 651 1399 potest
692 1326 868 1398 ratio,
913 1342 1060 1403 quae
1104 1326 1480 1397 exstat„ubi
1527 1323 1599 1382 ad
1645 1323 1895 1382 subitam
1940 1337 2187 1384 mortem
2230 1328 2386 1385 indi-

158 1407 403 1465 candam
435 1409 536 1466 illa
567 1406 892 1468 adhibetur.
977 1410 1231 1469 Obstant
1260 1427 1490 1486 quoque
1516 1409 1655 1482 loci,
1696 1427 1871 1483 supra
1906 1411 2008 1480 30,
2035 1411 2136 1468 3⁰.
2179 1411 2386 1488 31‚9.‚

156 1493 261 1552 ubi
301 1493 576 1570 Assyriae
619 1495 819 1569 copiae
879 1512 955 1552 ne
1010 1494 1209 1575 gladio
1261 1495 1492 1570 quidem
1537 1500 1784 1571 urgente
1830 1494 2121 1574 fugientes
2167 1496 2386 1554 descri-

157 1575 396 1636 buntur.
479 1575 871 1637 verisimilior
908 1589 998 1637 est
1037 1598 1232 1639 eorum
1266 1580 1577 1649 sententia,
1622 1582 1721 1655 qui
1754 1591 1969 1655 pestem
2005 1578 2173 1654 hujus
2200 1583 2383 1640 cladis

156 1680 395 1721 causam
436 1664 803 1736 existimant,
846 1674 1089 1722 anctore
1115 1663 1423 1735 Josnpno,
1466 1665 1568 1741 qni
1612 1667 1677 1721 in
1709 1664 1955 1743 Antiqq.
2004 1664 2073 1722 L.
2102 1660 2188 1722 X.
2234 1663 2381 1729 e.1.

157 1747 221 1820 ξ.
256 1745 316 1804 5.
372 1742 558 1810 νόσον
609 1746 887 1828 λοιμικὴν
943 1759 1197 1829 stragem
1252 1752 1414 1807 illam
1472 1748 1720 1805 edidisse
1764 1748 1931 1807 dicit.
2017 1748 2200 1809 Favet
2246 1750 2384 1811 huic

154 1835 484 1891 sententiae
529 1851 667 1890 usus
711 1835 1010 1912 loquendi,
1055 1855 1172 1912 quo
1202 1834 1400 1891 eadem
1433 1834 1630 1911 imago
1674 1834 1870 1912 angeli
1912 1837 2269 1909 percussoris
2310 1838 2382 1896 de

141 1926 332 1996 peste
371 1915 698 1992 adhibetur,
735 1920 956 1979 2Sam.
987 1921 1215 1993 24,16.
1260 1919 1398 1978 coll.
1436 1915 1535 1974 Vs.
1560 1916 1662 1977 1⁵.
1705 1918 1733 1974 1
1762 1916 1977 1978 Chron.
2009 1918 2112 1992 21,
2151 1921 2246 1979 14.
2281 1921 2378 1984 16.

154 2001 279 2060 Sed
317 2004 553 2063 videtur
590 2021 860 2061 numerus
900 2002 1202 2063 hominum
1244 2022 1365 2061 una
1404 2013 1578 2060 nocte
1618 2004 1718 2060 lue
1761 2003 2158 2062 absumtorum
2197 2003 2377 2066 fando
2466 1996 2471 2003 ’

150 2085 310 2143 haud
352 2107 550 2163 parum
590 2099 977 2168 exaggeratus
1010 2108 1159 2147 esse.
1239 2087 1423 2146 Varia
1452 2088 1833 2164 interpretum
1864 2090 2205 2162 tentamina,
2250 2094 2382 2170 qui-

151 2171 263 2229 bus
303 2174 550 2251 probare
587 2174 976 2247 studuerunt,
1031 2174 1293 2252 potuisse
1346 2182 1549 2246 tants,
1616 2181 1834 2248 quanta
1886 2172 1999 2232 hoc
2052 2175 2184 2231 loeo
2229 2177 2381 2255 legi-

150 2267 290 2331 tur,
355 2257 651 2316 hominum
697 2259 1014 2316 multitudo
1068 2261 1224 2317 intra
1260 2274 1575 2334 paucarum
1615 2257 1898 2316 horarum
1934 2259 2186 2334 spatium
2218 2271 2381 2336 peste

149 2339 402 2414 absumi,
443 2343 834 2401 recensuimus
866 2344 928 2400 in
956 2343 1212 2403 Scholiis
1244 2340 1627 2401 uberioribus.
1712 2339 1983 2400 Ceterum
2016 2360 2137 2401 non
2167 2342 2381 2404 desunt

146 2427 218 2484 in
262 2428 557 2486 veteribus
602 2430 991 2486 monumentis
1048 2430 1265 2487 similia
1310 2426 1671 2487 exercituum
1712 2423 1978 2486 violenta
2032 2439 2196 2504 peste
2243 2429 2378 2488 bre-

145 2512 396 2570 vissimo
428 2523 690 2591 tempore
727 2513 1122 2572 absumtorum
1155 2513 1429 2588 exempla.
1519 2509 1665 2570 Tale
1699 2520 1792 2570 est
1826 2512 1973 2570 illud
2005 2515 2376 2575 memorabile

145 2607 211 2655 et
253 2600 655 2656 tristissimum
702 2600 991 2655 exercitus
1035 2596 1607 2676 Carthaginiensium
1647 2598 1712 2655 in
1755 2596 1997 2671 Sicilia,
2048 2595 2374 2674 Syracusas

146 2683 510 2755 obsidentis,
555 2683 696 2741 duee
738 2680 1052 2756 Imilcone,
1089 2681 1436 2763 pestilentis
1474 2681 1696 2739 sides-⁸⁶⁸
1741 2680 1813 2738 vi
1842 2678 2051 2757 (verba
2087 2692 2229 2741 sunt
2266 2681 2376 2741 Ju-

143 2783 319 2827 snm
350 2765 525 2826 Heu.
568 2768 635 2826 1..
665 2764 854 2827 XIX.
902 2766 968 2829 C.
1004 2766 1133 2845 11.)
1172 2784 1415 2846 repen
1438 2773 1510 2821 te
1553 2765 1749 2824 deleti.
1832 2763 2100 2824 Historia
2140 2769 2377 2848 integra

138 2854 372 2934 legitur
402 2853 554 2929 apud
584 2851 905 2910 Diodorum
945 2851 1152 2933 (Ha'st.
1199 2853 1269 2913 L.
1304 2846 1489 2910 xlx.
1530 2870 1585 2926 p.
1612 2852 1758 2910 434.
1797 2869 1917 2927 seq.
1960 2849 2100 2909 edit.
2129 2848 2378 2929 Rham),

141 2956 300 3017 quae
360 2935 931 3019 Carthaginiensium
989 2939 1227 2996 fortuna
1288 2954 1397 2994 sua
1451 2936 1773 2993 insolenter
1840 2953 2079 2993 usorum
2135 2936 2375 2997 exhibet

109 3018 586 3087 ’πεντεκαίδεκα
623 3016 963 3101 μυριάδας,
1026 3031 1262 3081 centum
1301 3017 1743 3100 quinquaginta
1782 3019 2004 3092 millia,
2060 3031 2221 3095 peste
2263 3041 2373 3080 ex-

141 3106 534 3182 stinctorum,
567 3127 814 3188 quorum
849 3107 1133 3167 cadavera
1161 3109 1453 3186 insepulta
1482 3105 1703 3180 abjecta
1736 3105 1877 3163 sint.
1955 3106 2116 3175 Quae
2143 3107 2374 3183 quidem

131 3200 385 3273 strages
412 3194 489 3265 ei,
534 3195 603 3250 de
635 3211 750 3272 qua
777 3191 889 3251 hoc
919 3194 1070 3266 loco,
1114 3212 1184 3251 eo
1214 3192 1489 3264 similior,
1530 3189 1684 3266 quod
1717 3187 1919 3248 Imilco
1949 3187 2102 3248 hanc
2129 3190 2374 3250 subiisse
2460 3182 2465 3193 ’

140 3280 512 3359 punitionem
555 3278 828 3338 Numinis
886 3295 1145 3336 severam
1202 3278 1465 3348 dicatur,
1526 3274 1802 3351 quoniam
1851 3273 2071 3353 templa
2110 3270 2374 3334 Deorum

139 3379 466 3439 eorumque
496 3364 746 3422 donaria
776 3364 1169 3421 irreverenter
1194 3361 1507 3421 habuisset.
1561 3357 1785 3416 Similia
1813 3357 1935 3416 fere
1965 3360 2198 3437 generis
2228 3356 2373 3418 illud

141 3461 236 3507 est
283 3446 559 3520 Prusiae,
603 3448 769 3526 impii
810 3449 971 3505 illius
1014 3446 1331 3523 Bithyniae
1373 3446 1571 3526 regis,
1615 3443 1778 3517 cujus
1820 3444 2020 3521 copiae
2060 3441 2370 3502 maximam
2436 3496 2441 3503 ,

141 3543 373 3611 partem
415 3533 765 3609 dysenteria
818 3541 1157 3590 consumtus
1181 3530 1400 3604 fuisse
1448 3530 1760 3599 dicuntur,
1818 3541 1879 3585 et
1924 3545 2100 3586 naves
2145 3529 2375 3605 ingenti

142 3627 491 3695 tempestate
537 3621 600 3676 in
642 3618 997 3693 Propontide
1040 3620 1295 3676 excitata
1338 3618 1643 3693 pleraeque
1687 3610 2028 3689 absorptae,
2066 3622 2374 3690 postquam

145 3705 432 3778 templum
485 3704 591 3763 sub
640 3703 783 3781 ipsis
825 3702 1091 3782 Pergami
1135 3702 1434 3759 moenibus
1476 3700 1656 3757 situm
1701 3695 2089 3755 destruxisset
2136 3698 2374 3773 suisque

140 3790 457 3867 spoliasset
495 3786 848 3870 imaginibus
893 3799 953 3845 et
985 3788 1357 3845 ornamentis.
1441 3782 1630 3843 Verba
1659 3777 1906 3840 Diodori
1947 3782 2010 3839 in
2039 3778 2371 3861 Eccos-ptis

146 3873 404 3947 Valesii,
435 3892 493 3949 p.
512 3874 657 3934 336.
709 3872 831 3953 Τῆς
861 3864 1171 3951 δυνάμεως
1203 3865 1554 3953 δυσεντερίῳ
1579 3862 1985 3953 περιπεσούσῃ
2015 3865 2074 3928 οῖ
2101 3859 2376 3931 πλεῖστοι

138 3960 275 4023 τῶν
317 3959 707 4037 στρατιωτῶν
747 3947 1185 4039 διεφθοῖσησην.
1267 3956 1482 4015 Exstat
1514 3953 1665 4031 apud
1694 3951 2095 4011 Hnaono‘rtm
2136 3951 2262 4014 Lib.
2293 3945 2372 4010 11.

140 4064 271 4121 cap.
305 4046 450 4105 141.
493 4045 561 4103 de
603 4044 785 4118 clade,
827 4043 1171 4104 Sancheribi
1213 4042 1500 4100 exercitui
1538 4043 1602 4097 in
1637 4036 1909 4095 confiniis
1936 4038 2189 4118 Aegypti
2230 4035 2372 4095 hae-

140 4131 305 4189 renti
348 4132 516 4188 illata
556 4132 843 4201 narratio,
885 4148 1033 4209 quae
1078 4147 1150 4186 ex
1194 4136 1405 4185 nostra
1435 4123 1689 4183 historia
1731 4132 1863 4180 orta
1903 4121 2207 4181 nonnullis
2230 4122 2375 4195 ¹visa

140 4226 253 4273 est.
324 4214 545 4273 Narrat
572 4218 692 4288 ille,
722 4214 1000 4287 Sethone,
1037 4212 1280 4271 Vulcani
1312 4211 1633 4282 sacerdote,
1673 4208 2040 4288 in‘Aegypto
2071 4215 2378 4286 regnante,
2428 4272 2439 4281 ι

139 4298 604 4373 Sancheribum,
663 4302 1038 4377 Assyriorum
1091 4316 1322 4378 regem,
1382 4316 1513 4355 cum
1568 4296 1798 4374 magnis
1846 4293 2033 4368 copiis
2085 4292 2373 4349 invasisse

136 4387 500 4463 Aegyptum.
575 4387 769 4456 Quum
798 4405 938 4447 vero
970 4386 1099 4466 regi
1130 4383 1424 4464 Aegyptio
1455 4380 1671 4441 milites
1703 4378 2032 4524 ggluissent
2067 4375 2374 4453 opitulari,

229 4469 425 4544 Iesaj.
2158 4472 2164 4485 ‘
2424 4540 2529 4603 β
