2740 4864
1392 857 1525 934 XV
1532 858 1582 932 1.

1157 1016 1377 1080 can
1462 1016 1868 1105 xxvnn,

909 1325 2079 1425 Argumentum.

378 1507 629 1631 Regno
676 1544 1102 1624 Ephraimitieo
1159 1547 1233 1607 ob
1280 1545 1498 1606 fastum
1548 1557 1610 1604 et
1665 1547 2047 1606 consiliorum
2097 1545 2395 1605 vesaniam
2446 1553 2614 1604 vates

376 1647 610 1704 ruinam
641 1642 1019 1718 praenuntiat
1057 1638 1188 1720 (Vs.
1225 1641 1480 1717 1-4.).
1564 1642 1814 1718 Reliquo
1857 1644 2072 1720 populo
2117 1660 2248 1714 suo,
2287 1659 2391 1699 seu
2424 1656 2615 1719 regno

332 1800 339 1806 ι
377 1729 663 1801 Judaico‚
721 1723 929 1786 Iovem
971 1723 1265 1805 praesidio
1308 1727 1541 1804 quidem
1585 1735 1645 1784 et
1693 1736 2040 1785 ornamento
2080 1726 2206 1784 fore
2248 1745 2407 1804 spem
2457 1726 2614 1784 facit

379 1816 514 1897 (Vs.
551 1812 610 1871 5.
644 1809 782 1896 6.>;
840 1810 943 1872 sed
985 1815 1049 1871 in
1086 1830 1359 1890 proceres
1407 1823 1469 1871 et
1511 1811 1864 1889 reipublicae
1905 1812 2448 1885 administratores,
2507 1811 2615 1888 qui

378 1902 663 1961 vaticinia
716 1898 1127 1977 prophetarum
1182 1895 1364 1957 Jovae
1423 1896 1797 1956 ifrisionibus
1859 1900 2132 1976 excipere
2185 1897 2489 1970 solebant,
2550 1907 2614 1954 et

379 1984 699 2048 mendaciis
750 1982 1328 2062 imprudentibusque
1385 1985 1649 2040 consiliis
1704 1983 1911 2040 confisi
1968 2000 2106 2057 spes
2150 1984 2357 2040 inanes
2408 1983 2613 2042 conci-

383 2073 651 2148 piebem,
693 2080 753 2127 et
792 2087 947 2127 vano
992 2079 1220 2126 tumore
1266 2060 1454 2125 inflati
1498 2076 1699 2140 erant,
1746 2070 2010 2146 graviter
2048 2066 2370 2141 invehitur,
2417 2071 2612 2144 iisque

380 2160 660 2230 minatur,
708 2157 889 2232 ipsos,
933 2155 1053 2211 nisi
1088 2153 1428 2211 omitterent
1461 2153 1706 2210 irridere
1738 2154 1920 2212 Jovae
1951 2153 2283 2230 prophetas,
2326 2151 2388 2211 in
2424 2151 2612 2227 exilia

381 2246 624 2303 missum
654 2242 733 2299 iri
774 2249 940 2307 extra
982 2248 1224 2309 terram,
1273 2256 1445 2314 quam
1486 2240 1651 2296 vitiis
1690 2239 2145 2316 criminibusque
2193 2240 2438 2296 nimium
2480 2238 2610 2297 foe·

383 2329 677 2388 (laverint.
763 2324 835 2383 ln
885 2326 1122 2382 illorum
1174 2321 1659 2397 reprehensione,
1715 2331 1777 2380 et
1820 2325 1884 2381 iu
1936 2342 2253 2401 poenarum
2295 2325 2369 2382 iis
2415 2326 2610 2382 immi-

378 2415 643 2475 nentium
684 2409 1128 2472 denuntiatione
1159 2413 1347 2488 maj0r
1384 2410 1656 2469 vaticinii
1695 2427 1834 2488 pars
1868 2419 2138 2470 versatur
2172 2409 2303 2488 (Vs.
2332 2407 2391 2470 7.
2425 2426 2610 2489 usque

376 2501 453 2560 ad
493 2496 664 2575 fin.)

553 2583 909 2643 vaticinium
953 2578 1066 2640 boe
1105 2578 1324 2640 editum
1370 2600 1498 2640 esse
1539 2580 1778 2641 labente
1820 2580 1943 2657 jam
1989 2591 2051 2641 et
2091 2582 2377 2641 inclinata
2421 2599 2605 2659 paene

377 2669 874 2749 Ephraimitarum
916 2666 1249 2744 republica,
1310 2665 1527 2724 Versus
1571 2676 1828 2746 quatuor
1881 2668 2110 2744 priores
2158 2667 2316 2727 haud
2359 2666 2607 2727 obscure

376 2757 650 2835 produnt.
732 2753 936 2829 Neque
979 2770 1089 2809 nos
1134 2754 1471 2828 conjectura
1514 2756 1792 2813 aberrare
1833 2771 2135 2827 veremur,
2182 2755 2235 2811 si
2280 2751 2436 2811 bunc
2477 2769 2606 2810 ser-

377 2858 610 2901 monem
654 2840 1017 2916 assignemus
1077 2838 1166 2895 illi
1227 2839 1341 2914 ipsi
1394 2839 1680 2915 tempori,
1746 2856 1865 2916 quo
1908 2837 2349 2917 Ephraimitae,
2410 2844 2471 2896 et
2526 2835 2608 2897 ad

377 2928 617 2985 illorum
661 2925 981 2998 exemplum
1027 2920 1266 2980 factiosi
1314 2921 1469 2979 baud
1512 2924 1684 2999 pauci
1726 2922 2077 2983 ludaeorum
2126 2941 2440 2999 proceres,
2493 2918 2607 2982 ad-

374 3028 580 3069 versus
620 3011 942 3086 potentiam
982 3010 1211 3085 Assyrii
1251 3007 1603 3082 praesidium
1644 3019 2021 3085 quaerentes,
2079 3018 2289 3068 contra
2327 3026 2605 3069 verorum

373 3093 788 3175 prophetarum
829 3095 1323 3165 contestationes,
1379 3110 1443 3149 se
1487 3094 1837 3152 stultissimo
1882 3096 2132 3153 consilio
2171 3092 2481 3153 vertebant
2525 3091 2606 3153 ad

371 3181 722 3261 Aegyptios,
760 3196 1077 3255 eorumque
1105 3177 1505 3236 sollicitabant
1537 3196 1703 3254 opem
1738 3176 1894 3258 (vid.
1929 3177 2092 3238 infra
2130 3180 2237 3254 30,
2267 3181 2327 3238 2.
2370 3179 2606 3256 31,1.),

370 3284 522 3344 quae
560 3266 746 3324 stulta
785 3266 1150 3340 stupidorum
1193 3262 1492 3321 bominum
1536 3264 1786 3322 consilia
1818 3263 2005 3323 Versu
2047 3266 2237 3342 primo
2279 3265 2452 3340 hujus
2493 3284 2604 3324 va·

371 3353 562 3412 licinii
593 3349 700 3409 sub
730 3350 986 3431 imagine
1020 3347 1404 3405 temulentiae
1434 3350 1928 3428 perstringuntur.
1999 3347 2384 3410 Referendum
2413 3351 2602 3429 igitur

369 3439 487 3498 erit
529 3435 643 3494 hoc
668 3435 1022 3510 ,vaticinium
1067 3433 1144 3491 ad
1186 3434 1360 3490 initia
1401 3431 1669 3507 Hiskiae,
1714 3443 2026 3512 antequam
2069 3434 2341 3495 Samaria
2383 3455 2420 3492 a
2463 3436 2602 3496 Sal-

367 3538 707 3582 manassare
747 3526 1107 3600 expugnata,
1148 3520 1520 3597 populusque
1554 3535 1689 3579 cum
1715 3538 1857 3601 rege
1890 3522 1955 3579 in
1981 3521 2284 3599 Assyriam
2315 3520 2603 3581 abductus

368 3616 560 3681 esset,
604 3604 806 3687 2Reg.
836 3605 1038 3681 18,.9‚
1069 3608 1167 3665 lo.

537 3691 954 3751 Doznunmm
998 3699 1058 3746 et
1096 3688 1384 3748 DA'mms
1424 3686 1633 3767 Capite
1660 3687 1775 3749 boc
1806 3698 1867 3750 et
1900 3689 2125 3751 duobus
2160 3710 2309 3770 quae
2334 3692 2605 3769 proxime

363 3787 690 3856 sequuntur
732 3778 872 3854 (28.
914 3775 1020 3833 29.
1064 3774 1235 3850 30),
1301 3793 1485 3833 unum
1543 3793 1777 3835 carmen
1833 3778 2167 3837 continuari
2219 3780 2601 3847 existiman

365 3862 741 3923 flammans
789 3858 991 3937 Capite
1035 3860 1261 3918 demum
1307 3860 1412 3922 33.
1468 3857 1641 3935 huius
1700 3862 1974 3919 vaticinii
2027 3863 2199 3922 finem
2258 3864 2600 3923 constituit.

369 3946 449 4008 ln
489 3950 610 4008 alia
654 3947 853 4006 omnia
889 3943 1013 4002 abit
1054 3943 1357 4020 Kom’ws,
1398 3946 1502 4023 qui
1546 3962 1667 4003 non
1710 3943 1825 4002 boc
1869 3957 2096 4007 tautum
2141 3946 2348 4025 Caput,
2390 3966 2596 4008 verum

374 4035 551 4093 etism
590 4033 893 4108 sequentia
935 4030 999 4086 in
1034 4031 1202 4108 plura
1236 4032 1495 4089 earmina
1526 4032 1760 4089 minora
1791 4030 2058 4090 dissecat.
2141 4033 2424 4111 Equidem
2464 4052 2600 4093 cum

369 4117 783 4179 Doederleinio
819 4122 880 4175 et
907 4112 1196 4174 Henslero
1240 4113 1522 4172 haetenus
1563 4116 1888 4190 consentio,
1927 4117 2084 4195 quod
2126 4136 2215 4190 ea,
2259 4136 2410 4195 quae
2453 4135 2599 4196 pro-

372 4206 531 4263 xime
573 4211 915 4278 sequuntur,
960 4197 1173 4277 Capita
1217 4201 1288 4258 acl
1329 4200 1483 4258 idem
1517 4207 1766 4276 tempus,
1804 4220 1920 4279 quo
1952 4210 2242 4278 nostrum,
2285 4200 2599 4261 referenda

368 4298 606 4367 putem;
679 4286 780 4345 sed
831 4286 988 4366 quod
1047 4287 1162 4346 viri
1216 4286 1307 4343 illi
1348 4283 1670 4343 doctissimi
1713 4286 2099 4359 existimant,
2155 4307 2333 4347 unum
2384 4290 2446 4345 in
2500 4284 2597 4344 bis

368 4371 671 4452 Capitibus
712 4374 1049 4435 continuari
1090 4389 1344 4449 carmen,
1390 4388 1562 4451 aegre
1603 4368 1752 4430 mibi
1788 4373 2128 4458 persuadeo.
2210 4371 2486 4434 Ceterum
2525 4372 2595 4430 in
