2740 4864
294 326 297 327 ⁷
345 244 496 317 366
968 237 1328 337 Jesajas.
1441 248 1610 339 Cap.
1657 243 1781 331 25,
1844 241 1953 312 25.

346 433 527 495 annis
568 432 727 492 sicut
768 429 897 492 dies
928 431 1098 509 regis
1127 429 1308 492 unias
1347 432 1445 497 vel
1473 440 1700 510 tempus
1729 433 2129 508 cujuscunque
2156 429 2369 491 annosi
2396 431 2577 514 regis,

348 523 445 578 vel
500 534 801 577 commune
849 526 1105 594 tempus,
1183 517 1340 594 quod
1396 534 1601 576 aevum
1650 517 1904 575 hominis
1947 518 2144 585 rarius
2187 520 2574 587 transcendit,

348 603 506 682 quod
550 612 723 678 poete
765 602 1152 674 Ps.90,1o.
1208 602 1606 680 septuaginta
1659 612 1764 660 aut
1819 602 2134 679 octoginta
2183 604 2354 659 annis
2413 622 2576 662 com·

347 690 643 766 plectitur,
673 688 923 765 intelligi
953 695 1182 763 putant
1245 687 1332 746 lta
1362 688 1516 744 inter
1542 686 1840 745 Hebraeos
1870 684 2307 759 Kimchi,.mter
2334 700 2572 746 nostros

347 774 653 844 Gesenius‚
691 780 749 828 et
774 773 891 845 jam
925 774 1099 850 longe
1131 780 1302 829 antes
1333 772 1595 830 Graecus
1612 769 2049 832 Alexandrinus
2076 772 2390 871 interpres,
2407 776 2574 849 cujtrs

350 858 695 930 translatio,
759 859 846 914 uti
886 854 1060 912 hodie
1109 856 1171 912 in
1214 856 1508 914 codicibus
1555 857 1808 938 legitur,
1870 856 2008 912 talis
2057 864 2178 913 cst.
2233 850 2314 925 ὡς
2354 850 2575 938 χρόνος

346 939 666 1027 ssrwdwffwc
700 934 779 1012 ὥς
817 934 1040 1018 χρόνος
1077 934 1442 1022 ἀνθρώπου.
1518 939 1666 1000 Tria
1695 941 2020 1017 posteriora
2056 938 2345 1000 'vocabula
2380 955 2578 1001 tamen

348 1030 625 1086 videntur
676 1045 800 1083 esse
847 1029 1426 1101 interpretamentum
1471 1026 1693 1085 librarii
1742 1026 2024 1098 aiicujus,
2086 1028 2340 1106 margini
2384 1030 2574 1103 prium

347 1113 727 1211 adscriptum,
770 1110 925 1187 quod
968 1111 1236 1188 deinceps
1276 1116 1341 1169 in
1386 1119 1612 1170 textum
1657 1110 1923 1186 irrepsit3
1972 1111 2081 1166 etsi
2121 1112 2290 1169 valde
2338 1114 2420 1168 sit
2465 1130 2577 1170 an-

346 1200 577 1274 tiquum
623 1196 855 1253 vitium.
946 1194 1292 1275 Agnoscunt
1343 1198 1496 1255 enim
1541 1196 1864 1273 Eusebius,
1919 1190 2215 1271 cyrillus,
2271 1205 2333 1253 et
2386 1196 2576 1256 codex

349 1278 808 1350 Alexandrinum
860 1291 1171 1340 esttamen
1212 1279 1406 1339 obelus
1447 1283 1510 1338 in
1537 1280 1711 1340 Meto.
1743 1277 2047 1348 Marchali,
2090 1280 2189 1337 sed
2221 1283 2321 1358 qui
2367 1284 2430 1340 in
2464 1281 2576 1341 hoc

347 1368 549 1424 codice
592 1375 791 1422 notam
838 1368 1087 1424 sustinet
1129 1369 1402 1423 lectionis
1451 1375 1554 1424 aut
1607 1361 2108 1442 interpretationis
2152 1363 2456 1438 diversae,
2514 1377 2574 1425 et

347 1452 445 1510 hic
486 1452 742 1526 pertinet
772 1451 842 1509 ad
879 1471 1075 1509 vocem
1114 1453 1196 1535 βα
1204 1448 1438 1523 σιλέως.
1527 1451 1642 1509 Sed
1686 1468 1722 1506 a
1763 1465 2103 1528 quacunque
2134 1451 2367 1509 tandem
2394 1469 2573 1510 manu

346 1538 443 1593 sel
484 1537 717 1614 ingenio
758 1534 877 1594 hoc
920 1538 1000 1594 sit
1044 1537 1656 1613 interpretamentum,
1709 1533 1926 1593 frustra
1968 1546 2058 1593 est
2101 1535 2215 1595 boc
2258 1537 2413 1594 loco·
2500 1536 2573 1597 Si

346 1623 504 1680 enim
549 1621 606 1678 id
649 1619 839 1678 dicere
883 1623 1166 1679 voluisset
1209 1621 1525 1699 propheta,
1581 1619 1946 1694 scripsisset.
2011 1618 2079 1677 itt
2122 1620 2249 1678 dies
2296 1619 2575 1693 hominis,

345 1708 466 1776 vel,
506 1706 683 1763 unius
712 1704 985 1764 hominis.
1069 1705 1257 1785 Regis
1296 1710 1453 1765 enim
1482 1725 1588 1765 cur
1622 1705 1719 1763 hic
1749 1706 1970 1762 mentio
1999 1703 2164 1763 fieret
2192 1724 2298 1784 pro
2325 1702 2574 1779 homine,

347 1792 502 1850 ratio
546 1803 636 1847 est
665 1792 844 1849 nulla.
928 1790 1171 1849 Rectum
1214 1790 1365 1850 vidit
1407 1794 1613 1850 ABEN-
1635 1789 1827 1863 EsnA,
1868 1790 1971 1865 qui
2005 1790 2255 1849 verbis·
2239 1787 2373 1877 Γέη
2415 1801 2571 1869 ’δη-’2

344 1888 483 1960 *mn
524 1874 868 1952 adscripsit·
924 1893 1131 1934 sensus
1168 1886 1303 1935 est:
1357 1877 1534 1957 regni
1568 1873 2121 1951 Nebacadnezart's‚
2166 1873 2409 1953 ejusque
2437 1856 2574 1949 filii·

345 1970 410 2018 et
452 1938 719 2039 nepotis,
775 1959 883 2038 qui
915 1965 1033 2037 pr‘o
1074 1981 1187 2020 uno
1234 1971 1628 2040 reputantur.
1719 1958 1955 2016 Cortum
2004 1957 2177 2036 huJus
2223 1961 2337 2017 loci
2379 1962 2575 2018 inter-

342 2058 564 2124 pretem
603 2044 875 2104 habemus
906 2041 1238 2117 Jeremiam,
1278 2050 1381 2124 qui
1425 2046 1531 2117 25,
1572 2044 1794 2104 11.12.
1829 2042 2003 2103 dicit.
2043 2046 2320 2107 Serviunt
2356 2054 2570 2123 gentes

346 2129 458 2193 leae
498 2130 614 2206 (S)
621 2131 737 2187 riae
787 2141 847 2189 et
889 2129 1239 2206 Phoenices)
1282 2132 1420 2208 regi
1460 2129 1705 2190 Babelis
1761 2130 2156 2207 septuaginta
2201 2130 2376 2188 annis
2416 2132 2571 2208 (eal

345 2214 747 2294 septuaginta
776 2233 965 2273 annos
998 2216 1314 2275 secundum
1353 2217 1484 2274 dies
1519 2217 1680 2294 regis
1712 2210 1943 2288 anius),
1984 2215 2091 2273 sed
2111 2213 2408 2288 faturum
2445 2222 2570 2290 est,

344 2311 414 2369 ut
457 2299 720 2377 expletis
763 2302 1165 2378 septuaginta
1209 2302 1386 2359 annis
1431 2300 1902 2360 animadvertam
1954 2300 2018 2357 s'n
2068 2317 2267 2378 regem
2303 2296 2571 2378 Babylo-

339 2385 479 2457 πίε,
519 2385 623 2444 rel.
710 2384 976 2465 Regnum
1015 2385 1437 2464 Babylonicum
1486 2385 1583 2445 hie
1626 2385 1898 2444 definitur
1941 2402 2058 2443 uno
2102 2402 2278 2464 rege,
2327 2403 2450 2444 non
2494 2403 2570 2448 es

339 2481 580 2529 tantum
623 2469 694 2527 de
736 2488 932 2543 causa,
973 2473 1128 2547 quod
1162 2473 1453 2548 principes
1496 2475 1668 2529 unius
1710 2472 2099 2530 successionis
2143 2489 2247 2545 pro
2293 2489 2413 2529 uno
2453 2470 2567 2530 ha-

339 2554 594 2615 beantur
635 2555 747 2630 (cf.
788 2572 964 2630 supra
1008 2556 1114 2628 14,
1143 2561 1201 2616 4.
1231 2563 1411 2633 ειη),
1453 2575 1654 2616 verum
1699 2559 1873 2614 etiam
1916 2556 2055 2631 quia
2087 2554 2567 2630 Nebucsdnezar,

341 2637 664 2702 Monarcba
692 2639 978 2710 Orientis,
1022 2639 1191 2714 hujus
1236 2644 1510 2717 temporis
1553 2639 1740 2700 Lxx
1783 2657 2069 2699 annorum
2114 2641 2390 2713 majorem
2425 2660 2567 2717 par-

341 2735 467 2784 tem
515 2725 850 2799 imperando
893 2725 1258 2800 absolveret,
1315 2737 1374 2785 et
1426 2744 1790 2784 successores
1840 2727 2000 2798 ejus,
2057 2726 2210 2786 filius
2245 2737 2315 2783 ‘et
2357 2744 2568 2802 nepos,

338 2808 858 2872 Evilmerodaehus
903 2821 963 2867 et
1004 2808 1320 2884 Belsszar,
1379 2813 1441 2869 in
1484 2814 1612 2887 ipso
1657 2822 1821 2888 patro
1875 2821 1940 2866 et*
1990 2828 2101 2869 avo
2150 2829 2257 2870 suo
2302 2829 2569 2870 commo·

342 2896 578 2954 dissime
627 2895 848 2951 censeri
892 2905 1193 2969 poterant,
1260 2895 1578 2954 secundum
1620 2895 1963 2954 vaticinium
2005 2894 2283 2955 Jeremise
2323 2897 2429 2970 27,
2462 2899 2567 2955 7.:

340 2986 409 3036 et
449 2978 714 3035 servient
755 2978 816 3035 οἱ
854 2977 1402 3054 (Nebucadnezari)
1446 2997 1638 3039 omnes
1678 2988 1924 3057 gentes,
1984 2991 2048 3038 et
2086 2982 2228 3056 filio
2275 2982 2441 3055 ejus,
2495 2989 2568 3040 et

334 3062 558 3141 :nepoti
610 3061 762 3136 ejas.
848 3065 1009 3132 Quae
1062 3065 1194 3137 ipsa
1246 3067 1402 3130 ratio
1447 3074 1574 3137 est,
1628 3083 1805 3143 quare
1848 3066 1914 3123 in
1952 3066 2257 3144 prophetia
2295 3067 2566 3126 Danielis

340 3150 415 3206 de
455 3156 710 3225 quatuor
748 3150 948 3228 regnis
998 3151 1076 3219 2,
1111 3151 1217 3207 38.
1265 3146 1721 3208 Nebucadnezar
1759 3152 1919 3210 solus
1960 3150 2188 3218 dicatur
2229 3171 2353 3210 esse
2393 3151 2563 3212 illius

335 3233 555 3296 colossi
604 3243 779 3307 caput
817 3252 1079 3293 aureum.
1168 3232 1435 3294 Ceterum
1487 3234 1640 3312 quod
1682 3239 1898 3294 attinet
1944 3234 2020 3294 ad
2059 3238 2383 3309 rationem,
2421 3255 2564 3314 ‚qua

336 3319 718 3394 computandi
772 3328 909 3377 sunt
955 3318 1000 3377 1,
1006 3317 1141 3376 XX
1196 3322 1285 3378 illi
1330 3323 1511 3390 anni,
1568 3337 1669 3396 per
1718 3338 1864 3395 quos
1910 3319 2104 3398 Tyrus
2148 3321 2432 3382 oblivioni
2474 3323 2564 3380 sit

334 3399 644 3474 tradenda,
687 3402 1000 3462 observant
1040 3408 1400 3482 interpretes,
1444 3414 1842 3483 expugnatam
1881 3406 2062 3464 fuisse
2099 3403 2321 3483 Tyrum
2365 3423 2401 3462 a
2436 3406 2565 3466 Ne-

332 3488 735 3546 bucadnezsre
790 3500 924 3566 post
980 3488 1253 3547 tredecim
1307 3505 1590 3548 annorum
1642 3488 1999 3549 obsidionem
2050 3508 2207 3549 anno
2244 3491 2420 3572 regni
2461 3494 2562 3550 sui

333 3568 650 3632 xxxlv.
687 3576 785 3632 vel
824 3570 1124 3645 XXXV„
1158 3575 1250 3631 uti
1288 3572 1595 3653 colligitur
1635 3592 1711 3632 ex
1747 3572 2070 3634 Ezechielis
2114 3578 2219 3648 31,
2254 3576 2350 3634 18.
2368 3614 2389 3648 ,
2437 3596 2558 3654 quo

332 3658 470 3717 loco
509 3654 579 3712 ‹le
611 3654 772 3734 Tyro
807 3659 928 3732 jam
971 3669 1143 3731 capta
1179 3668 1237 3716 et
1267 3671 1600 3736 expugnata
1632 3668 1794 3716 vates
1826 3661 2107 3737 loquitur.
2193 3660 2437 3720 Editum
2465 3673 2562 3722 est

329 3744 486 3798 enim
528 3743 676 3800 illud
716 3743 1080 3813 ιιιιίιιίιιίιιιιι,
1123 3753 1191 3801 ut
1233 3745 1449 3803 diserte
1490 3744 1706 3812 dicitur
1745 3743 1840 3803 Vs.
1871 3749 2006 3817 17.‚
2046 3745 2154 3805 sub
2195 3746 2371 3804 finem
2407 3749 2557 3805 anni

330 3824 571 3885 xxvl.
610 3829 837 3884 scilicet
880 3827 1299 3903 deportationis
1336 3827 1679 3899 lechoniae,
1730 3831 1831 3904 qui
1874 3848 2061 3890 annus
2101 3833 2379 3889 convenit
2421 3849 2560 3891 cum

328 3930 488 3969 anno
506 3911 765 3968 indicato
781 3910 1305 3984 Nebucadnezaris,
1326 3915 1537 3990 quippe
1567 3915 1729 3986 cujus
1761 3917 1937 3973 initis
1966 3926 2393 3974 connectuntur
2420 3933 2556 3975 cuns

328 4015 485 4055 anno
546 4006 757 4073 quarto
808 3993 1123 4069 Jojakimi,
1191 4015 1358 4071 quem
1416 4008 1650 4055 constat
1703 4018 1981 4080 regnasse
2026 4000 2296 4060 undecim
2340 4019 2554 4063 annos.

324 4085 377 4141 A
418 4079 925 4140 Nebucadnesaris
962 4099 1120 4139 suno
1163 4079 1435 4140 XXXV.
1482 4094 1712 4154 sutem,
1765 4103 1882 4161 quo
1919 4085 2189 4145 Ezechiel
2225 4086 2397 4143 docet
2443 4104 2553 4143 ex-

325 4176 648 4246 pugnatam
694 4183 820 4223 csse
865 4163 1127 4242 Tyrum,
1183 4168 1305 4224 sive
1358 4167 1588 4225 finitam
1633 4165 1787 4244 Tyri
1834 4171 2194 4232 obsidionem
2243 4188 2430 4246 usque
2473 4170 2554 4228 ad

322 4254 497 4314 initia
539 4247 682 4324 Cyri
718 4252 972 4325 praecise
1015 4252 1166 4327 lspsi
1198 4261 1337 4308 sunt
1380 4249 1636 4309 XXXV
1679 4256 1844 4326 anni,
1884 4273 2088 4334 quum
2102 4253 2348 4331 epocha
2365 4252 2550 4316 Lxx

320 4354 605 4395 annorum
634 4337 804 4400 exilii
835 4334 1079 4396 ducatur
1111 4353 1149 4395 s
1177 4346 1389 4413 quarto
1419 4333 1716 4415 Jojakimi‚
1755 4338 1868 4399 hoc
1895 4351 2005 4418 est,
2041 4338 2556 4403 Nebucadnessris
