2740 4864
290 285 442 360 340
882 278 1248 380 Jesajas.
1377 285 1540 378 Cap.
1578 301 1701 365 22,
1750 282 1820 349 6.
1869 304 1936 371 7.

290 470 642 544 Abradatae,
682 470 843 549 regis
874 462 1163 528 susorum
1205 466 1383 545 (quae
1420 467 1541 527 fuit
1573 467 1896 547 ElymsIdis
1937 461 2309 543 metropolis)
2349 481 2528 537 uxor,

294 564 361 620 in
403 574 606 616 eorum
646 554 854 613 castris
897 573 935 612 a
976 552 1134 631 Cyro
1176 564 1349 629 capta
1388 555 1511 626 sit,
1552 553 1792 631 absente
1829 550 2165 625 Abi-adm,
2205 558 2273 608 ut
2313 558 2529 607 narrat

293 640 634 716 Xenophon
660 634 1058 718 Cyropaediae
1099 637 1164 696 1..
1181 634 1251 695 V.
1282 638 1353 697 ab
1384 640 1578 698 initio.
1634 638 1822 697 Erant
1849 652 1993 696 vero
2022 633 2315 694 Elamitse
2351 652 2527 693 arcus

294 726 588 788 tractandi
618 725 828 800 peritia
869 742 1006 801 prae
1035 726 1242 782 ceteris
1276 735 1663 801 praestantes,
1708 726 1808 799 qui
1840 725 1946 781 illo
1979 731 2239 797 tempore
2285 730 2530 779 terrore

294 828 401 873 sao
443 808 758 890 replebant
795 808 1011 882 orbem,
1053 818 1125 865 ut
1156 808 1226 866 de
1258 812 1335 867 iis
1368 808 1639 867 Ezechiel
1671 807 1815 866 dicit
1856 808 1960 879 32,
1986 807 2113 879 24.,
2154 815 2216 862 et
2243 802 2529 863 Jeremias

295 899 367 957 de
422 896 627 956 iisdem
683 895 801 966 49,
838 896 943 955 35.
1004 890 1162 952 Ecce
1217 910 1326 972 ego
1385 893 1772 971 confringam
1829 908 2036 949 aream
2088 889 2530 967 Elymaeorum,

280 981 685 1065 praepruam
725 977 967 1035 robor-fs
1009 995 1227 1037 eoram.
1312 979 1535 1069 1:³ssqu
1572 985 1702 1065 υἷες,
1740 986 1915 1070 :2⁸23
1955 974 2133 1033 Vem't
2163 993 2294 1034 cum
2336 990 2531 1031 cum

292 1067 587 1137 hominis,
649 1062 693 1120 i.
725 1084 778 1123 e.
827 1078 957 1120 cum
999 1065 1265 1122 curribus
1311 1062 1571 1137 bellicis,
1628 1062 1834 1139 quibus
1879 1063 2142 1119 homines
2181 1061 2530 1119 dimicantes

295 1152 614 1221 vehuntur,
655 1156 715 1206 et
757 1167 887 1207 cum
931 1148 1138 1226 equis,
1202 1170 1234 1208 e
1276 1148 1487 1226 quibus
1523 1149 1788 1207 homines
1828 1155 2111 1227 pugnant.
2196 1145 2414 1231 law-5⁸22
2463 1153 2531 1202 et

296 1237 558 1318 equites,
598 1244 667 1291 ut
705 1232 856 1295 Gen.
888 1232 990 1307 50,
1022 1232 1081 1290 9.
1124 1232 1313 1293 Exod.
1356 1236 1454 1306 14,
1481 1237 1543 1294 9.
1583 1253 1775 1311 seqq.,
1825 1243 1884 1290 et
1926 1244 2105 1309 equos
2145 1230 2416 1301 denotat,
2458 1239 2531 1286 ut

202 1388 207 1395 ‚
302 1321 500 1401 meg.
535 1316 595 1393 5,
628 1318 683 1377 6.
734 1318 944 1379 Ezech.
979 1319 1084 1393 27,
1125 1323 1217 1382 14.
1305 1316 1400 1379 Cf.
1443 1338 1620 1398 supra
1662 1321 1766 1393 21,
1802 1322 1863 1377 ‘1.
1890 1319 1950 1376 9.
2035 1327 2141 1400 ΗΒ
2193 1326 2329 1395 mg
2367 1324 2527 1399 ἾἮΊ

298 1406 385 1466 Et
421 1403 545 1465 Kir
588 1402 853 1463 denudat
895 1403 1189 1484 clypeam,
1254 1406 1295 1462 i.
1327 1424 1377 1462 e.
1422 1405 1741 1484 depromit,
1787 1402 2050 1463 ‘extrahit
2093 1383 2358 1481 clypeum
2401 1380 2530 1457 suis

297 1511 375 1552 ex
416 1491 755 1564 involucris,
796 1508 1008 1568 parans
1049 1509 1111 1551 se
1154 1490 1228 1548 sd
1271 1488 1497 1549 bellum.
1584 1492 1767 1550 Scuta
1804 1499 1973 1548 erant
2007 1488 2187 1545 coriis
2227 1497 2415 1560 tecta,
2457 1493 2531 1542 ut

299 1576 664 1656 splendentia
707 1587 1102 1651 servarentur,
1146 1595 1293 1654 quae
1326 1580 1591 1635 coriacea
1621 1578 2023 1655 integumenta
2052 1571 2531 1642 detrahebantur,

299 1681 430 1722 cum
472 1661 849 1742 pugnandum
895 1671 1038 1719 erat.
1127 1659 1378 1721 Cassan
1419 1662 1491 1721 de
1533 1661 1661 1721 bell.
1703 1661 1854 1719 Gau.
1897 1660 1962 1719 [ι.
1995 1657 2071 1716 ll.
2121 1678 2170 1717 c.
2203 1659 2305 1716 21.
2352 1654 2533 1714 Tem·-

284 1748 469 1829 port’s
510 1754 692 1805 tanta
718 1745 869 1821 suit
909 1747 1261 1825 exiguitas,
1320 1746 1689 1826 hostiamque
1748 1755 1869 1804 tam
1913 1751 2186 1825 paratus
2229 1741 2312 1801 ad
2352 1740 2535 1799 diues·-

298 1832 550 1891 caadum
594 1834 860 1904 animus,
917 1840 988 1890 at
1037 1851 1152 1890 non
1197 1833 1363 1891 modo
1408 1834 1492 1891 ad
1521 1833 1794 1911 insignia
1832 1828 2363 1899 adcommodandae,
2420 1824 2539 1884 sed

297 1920 483 1976 etiam
524 1916 607 1976 ad
640 1917 847 1994 galeas
886 1914 1250 1976 inducendas
1298 1920 1716 1998 scutisque
1776 1917 2205 1994 tegimenta
2249 1913 2532 1971 detra·-

297 2001 544 2062 lzenda
596 2010 827 2081 tempas
873 1998 1152 2076 desuerit.
1236 2002 1324 2062 Ad
1370 2021 1540 2080 quem
1584 2005 1780 2061 locum
1820 2001 2099 2060 Davisius
2141 2009 2331 2071 notat,
2373 1998 2534 2076 tegi-

299 2097 498 2147 menta
549 2085 728 2145 fuisse
771 2106 801 2143 e
846 2089 1005 2144 corio
1057 2080 1257 2160 faeta,
1328 2108 1404 2146 ne
1455 2089 1677 2147 formae
1726 2097 1786 2145 et
1836 2089 2059 2144 colores
2113 2086 2298 2143 scutis
2341 2080 2534 2139 additi

301 2175 540 2251 pulvere
582 2181 689 2229 aut
732 2172 883 2230 aeris
926 2172 1144 2246 injuria
1189 2184 1715 2250 corrumperentur.
1798 2171 1956 2230 Hinc
1995 2170 2147 2249 apud
2188 2168 2534 2229 Ciceronem

296 2259 369 2317 de
402 2252 544 2315 Nat.
578 2253 761 2314 Deor.
803 2258 867 2328 2,
904 2258 1000 2314 14.
1043 2256 1382 2335 clypeorum
1422 2257 1733 2315 involucra
1772 2269 2187 2314 memorantur.
2271 2263 2395 2338 *¹³1²-
2438 2261 2534 2309 est

197 2395 215 2409 ,
296 2360 467 2425 gens,
481 2342 680 2420 aliqua
708 2338 939 2399 Mediae
977 2344 1068 2401 ve'l
1102 2342 1409 2419 Assyriae,
1454 2342 1747 2420 Elymaeis
1783 2341 2072 2416 proxima,
2113 2351 2182 2398 ut
2210 2336 2532 2397 clarissime

297 2438 460 2506 patet
496 2447 572 2486 ex
607 2427 803 2487 Amos.
838 2428 895 2500 l,
928 2423 987 2487 5.
1031 2427 1163 2486 coll.
1198 2446 1330 2486 cum
1374 2426 1575 2510 2Reg.
1611 2429 1709 2500 16,
1739 2427 1800 2489 9.
1853 2424 1953 2484 ubi
1997 2426 2135 2504 Syri
2176 2445 2212 2485 a
2246 2420 2532 2502 Tiglath-

294 2513 605 2572 Pulssssre
647 2512 923 2571 dicuntur
970 2511 1220 2571 abducti
1258 2531 1388 2573 esse
1435 2522 1607 2599 nvp·
1651 2510 1873 2571 Kiram
1908 2529 2140 2570 versus.
2230 2509 2369 2570 Non
2413 2510 2530 2566 im-

295 2596 615 2676 probabilis
649 2605 742 2655 est
776 2596 826 2656 J.
850 2595 928 2655 D.
955 2596 1302 2657 Mtcnazms
1341 2596 1693 2677 Supplemm.
1736 2598 1998 2675 palm.
2037 2595 2355 2667 sententia,
2399 2600 2527 2678 ''¹⁸1’ss

296 2700 422 2742 esse
479 2680 783 2761 regionem
838 2682 913 2742 ad
966 2679 1209 2741 fluvium
1249 2680 1426 2754 Kar,
1483 2683 1726 2743 Graecis
1780 2676 2024 2763 Κύρος,
2090 2681 2194 2759 qui
2243 2682 2312 2738 ‘in
2365 2696 2532 2737 mare

294 2765 570 2843 Caspium
613 2764 972 2839 effunditur,
1034 2769 1072 2825 i.
1103 2786 1155 2825 e.
1196 2764 1470 2826 Iberiam.
1556 2767 1650 2826 cf.
1683 2780 1822 2829 not.
1868 2768 1940 2827 ad
1977 2769 2178 2826 Amos.
2215 2768 2275 2838 Ι,
2310 2762 2403 2836 6.,
2466 2771 2529 2820 et

292 2848 450 2910 Bibe.
492 2846 919 2909 Alterthumek.
960 2849 1091 2909 Vol.
1119 2847 1166 2908 1.
1212 2850 1274 2910 Ρ.
1307 2851 1381 2913 ll.
1426 2874 1483 2930 p.
1519 2855 1656 2914 102.
1742 2854 1956 2913 Mirum
2004 2862 2220 2924 tamen,
2261 2858 2529 2908 veterum

293 2937 676 3013 interpretum
718 2936 945 2995 nullum
980 2946 1103 3020 ἾἿΡ,
1145 2935 1206 2998 h.
1236 2938 1277 2994 l.
1315 2956 1425 3015 pro
1463 2940 1699 2997 nomine
1741 2940 1979 3015 proprio
2022 2938 2346 3013 accepisse,
2401 2933 2526 3009 sed,

294 3018 585 3078 Graecum
626 3019 1088 3081 Alexandrlnum
1133 3023 1184 3078 si
1226 3024 1518 3099 excipias,
1565 3025 1667 3100 qui
1712 3025 1858 3082 illud
1899 3041 2020 3082 non
2060 3023 2371 3098 expressit,
2415 3037 2526 3096 pro

295 3105 535 3162 nomine
567 3104 918 3188 appellativo
954 3106 1279 3185 parietem,
1323 3126 1553 3166 marum
1585 3109 1975 3186 significante,
2018 3116 2091 3164 ut
2128 3122 2308 3180 supra
2333 3102 2434 3163 Vs.
2466 3103 2526 3162 6.
2567 3099 2570 3108 '

294 3186 390 3246 lta
433 3190 671 3265 clypeus
724 3190 793 3249 de
846 3208 915 3247 eo
973 3192 1074 3268 qui
1130 3210 1260 3250 eum
1317 3201 1512 3271 gestat
1561 3191 1870 3251 diceretur.
1959 3191 2408 3250 fflnnomnms:
2464 3197 2528 3249 et

282 3273 591 3354 parietem
634 3273 886 3333 nudavit
931 3274 1211 3355 clypeus,
1271 3277 1428 3354 quod
1471 3278 1535 3335 in
1574 3274 2006 3336 Commentario
2050 3274 2162 3335 hoc
2201 3274 2373 3333 modo
2415 3293 2526 3334 ex-

290 3360 495 3436 ponit:
557 3359 892 3437 „Quodque
938 3371 1177 3421 auratos
1224 3370 1456 3437 postes,
1518 3371 1580 3419 et
1623 3379 1971 3420 marmorum
2016 3362 2233 3419 crustis
2270 3360 2527 3418 vestitos

290 3444 541 3521 parietes
579 3444 853 3523 clypeus,
897 3447 1000 3524 qui
1042 3447 1188 3503 alias
1233 3447 1384 3504 solet
1429 3456 1663 3526 tegere,
1706 3448 2051 3517 nudaverit,
2107 3446 2411 3524 eleganter
2456 3447 2526 3504 in

287 3526 556 3588 Hebraeo
597 3541 873 3602 resonat,
935 3541 1251 3607 sensusque
1294 3529 1721 3608 pulcherrimus
1760 3541 1851 3591 est
1865 3574 1884 3605 ,
1933 3530 2089 3611 quod
2129 3539 2356 3588 scutum
2396 3547 2524 3588 non

286 3613 617 3690 protexerit
652 3616 1002 3693 quempiam,
1050 3615 1151 3672 sed
1196 3616 1543 3689 nudaverit,
1586 3635 1657 3675 eo
1699 3617 1853 3696 quod
1896 3635 1997 3696 per
2039 3613 2219 3674 robur
2262 3614 2524 3674 militum

289 3701 488 3755 omnes
536 3716 672 3773 opes
716 3711 916 3757 erutae
958 3700 1172 3756 sunt.“
1260 3697 1366 3758 Vel
1409 3704 1640 3775 possint
1679 3700 1927 3761 hebraea
1970 3702 2056 3759 sic
2100 3699 2263 3777 capi:
2309 3698 2524 3773 nudae,

285 3780 410 3839 sive
435 3781 760 3857 collective,
800 3784 1032 3842 nudant
1074 3801 1155 3840 sc.
1187 3781 1385 3842 hostes
1419 3784 1705 3847 Elamitae
1736 3797 1911 3846 antea
1942 3786 2247 3844 memorati
2287 3801 2526 3842 murum

285 3872 477 4008 :¹011qu
476 3904 498 3937 ,
559 3883 605 3922 s.
646 3868 873 3942 scutis,
932 3870 973 3928 i.
1002 3888 1050 3926 e.
1096 3871 1566 3948 protectoribus;
1624 3881 1985 3950 protectores
2028 3870 2191 3931 urbis
2234 3871 2306 3928 de
2346 3887 2523 3928 muro

325 3967 395 4026 ep
480 3957 603 4008 unt.

456 4034 519 4091 7.
606 4036 768 4103 Quae
821 4039 942 4115 jam
996 4045 1322 4114 sequuntur
1376 4057 1559 4118 usque
1618 4040 1693 4099 sd
1734 4040 1977 4100 Versum
2011 4043 2108 4099 14.
2165 4059 2323 4099 mere
2373 4043 2515 4094 sunt

275 4113 583 4190 historica,
626 4120 1070 4202 desei-ibuntque
1101 4123 1347 4198 poetice,
1392 4142 1540 4200 quae
1572 4125 1732 4183 infra
1773 4128 1876 4199 36,
1905 4129 1952 4184 l.
1982 4146 2106 4204 sqq.
2150 4136 2210 4184 et
2240 4121 2514 4182 2Chron.

276 4201 383 4274 32,
416 4202 471 4261 1.
503 4219 632 4282 sqq.
676 4217 994 4266 narrantur
1037 4206 1109 4265 de
1142 4209 1408 4265 exercitu
1449 4208 1765 4288 Assyrisco
1801 4212 2269 4288 Hierosolymam
2303 4224 2515 4267 versus

273 4295 468 4344 castra
518 4300 823 4364 movente,
893 4305 1066 4369 atque
1126 4290 1196 4348 de
1253 4305 1538 4367 apparatu
1597 4295 1671 4352 ad
1724 4296 1920 4354 urbem
1975 4294 2391 4356 defendendam
2441 4294 2516 4351 ab

267 4363 483 4430 Hakis
534 4373 715 4435 tecto.
813 4384 951 4465 πῃ
1004 4369 1166 4465 aaigzg
1224 4385 1710 4475 ηῃὶρζ-Ἶῃῆιη
1765 4390 1917 4472 'rm
1962 4379 2049 4440 Et
2087 4381 2342 4455 factam
2387 4386 2518 4450 en,
