<?xml version="1.0" encoding="UTF-8"?>
<!DOCTYPE html PUBLIC "-//W3C//DTD XHTML 1.0 Transitional//EN"
    "http://www.w3.org/TR/xhtml1/DTD/xhtml1-transitional.dtd">
<html xmlns="http://www.w3.org/1999/xhtml" xml:lang="en" lang="en">
 <head>
  <title>
</title>
<meta http-equiv="Content-Type" content="text/html;charset=utf-8" />
  <meta name='ocr-system' content='tesseract 3.04.00' />
  <meta name='ocr-capabilities' content='ocr_page ocr_carea ocr_par ocr_line ocrx_word'/>
</head>
<body>
  <div class='ocr_page' id='page_1' title='image "./ernfridcarrosen00rosegoog_0500.png"; bbox 0 0 2740 4864; ppageno 0'>
   <div class='ocr_carea' id='block_1_1' title="bbox 285 186 1965 335">
    <p class='ocr_par' dir='ltr' id='par_1_1' title="bbox 285 186 1965 335">
     <span class='ocr_line' id='line_1_1' title="bbox 285 186 1965 335; baseline -0.003 -28"><span class='ocrx_word' id='word_1_1' title='bbox 285 232 439 307; x_wconf 80' lang='grc'><strong>342</strong></span> <span class='ocrx_word' id='word_1_2' title='bbox 534 186 539 191; x_wconf 56' lang='lat'><em>&#39;</em></span> <span class='ocrx_word' id='word_1_3' title='bbox 821 234 1167 335; x_wconf 78' lang='lat' dir='ltr'><strong>Iesajas.</strong></span> <span class='ocrx_word' id='word_1_4' title='bbox 1282 241 1442 333; x_wconf 78' lang='lat' dir='ltr'><strong>Cap·</strong></span> <span class='ocrx_word' id='word_1_5' title='bbox 1496 254 1617 320; x_wconf 73' lang='lat'><strong>22,</strong></span> <span class='ocrx_word' id='word_1_6' title='bbox 1664 257 1965 326; x_wconf 85' lang='grc' dir='ltr'>9--ιι.</span> 
     </span>
    </p>
   </div>
   <div class='ocr_carea' id='block_1_2' title="bbox 278 422 2514 2030">
    <p class='ocr_par' dir='ltr' id='par_1_2' title="bbox 278 422 2514 1517">
     <span class='ocr_line' id='line_1_2' title="bbox 278 422 2512 505; baseline 0.001 -22"><span class='ocrx_word' id='word_1_7' title='bbox 278 422 553 497; x_wconf 78' lang='lat' dir='ltr'><strong>fissuras</strong></span> <span class='ocrx_word' id='word_1_8' title='bbox 596 426 752 485; x_wconf 88' lang='lat' dir='ltr'><strong>muri</strong></span> <span class='ocrx_word' id='word_1_9' title='bbox 795 425 961 486; x_wconf 76' lang='lat' dir='ltr'><strong>urbis</strong></span> <span class='ocrx_word' id='word_1_10' title='bbox 1001 422 1304 499; x_wconf 52' lang='lat' dir='ltr'><strong>Davidem</strong></span> <span class='ocrx_word' id='word_1_11' title='bbox 1364 439 1470 499; x_wconf 81' lang='lat' dir='ltr'><strong>per</strong></span> <span class='ocrx_word' id='word_1_12' title='bbox 1512 442 1685 503; x_wconf 84' lang='lat' dir='ltr'><strong>quam</strong></span> <span class='ocrx_word' id='word_1_13' title='bbox 1726 431 1990 495; x_wconf 85' lang='lat' dir='ltr'><strong>constat,</strong></span> <span class='ocrx_word' id='word_1_14' title='bbox 2036 424 2229 501; x_wconf 75' lang='lat' dir='ltr'><strong>phrasi</strong></span> <span class='ocrx_word' id='word_1_15' title='bbox 2272 437 2512 505; x_wconf 87' lang='lat' dir='ltr'><strong>recepta</strong></span> 
     </span>
     <span class='ocr_line' id='line_1_3' title="bbox 291 508 2512 591; baseline 0 -24"><span class='ocrx_word' id='word_1_16' title='bbox 291 508 574 570; x_wconf 82' lang='lat' dir='ltr'><strong>historiae</strong></span> <span class='ocrx_word' id='word_1_17' title='bbox 614 528 851 588; x_wconf 84' lang='lat' dir='ltr'><strong>sacrae,</strong></span> <span class='ocrx_word' id='word_1_18' title='bbox 909 511 1161 591; x_wconf 78' lang='lat' dir='ltr'><strong>intelligi</strong></span> <span class='ocrx_word' id='word_1_19' title='bbox 1208 519 1464 567; x_wconf 85' lang='lat' dir='ltr'><strong>montem</strong></span> <span class='ocrx_word' id='word_1_20' title='bbox 1507 508 1707 569; x_wconf 85' lang='lat' dir='ltr'><strong>Sionis</strong></span> <span class='ocrx_word' id='word_1_21' title='bbox 1761 528 1891 567; x_wconf 84' lang='lat' dir='ltr'><strong>curu</strong></span> <span class='ocrx_word' id='word_1_22' title='bbox 1936 510 2096 567; x_wconf 74' lang='lat' dir='ltr'><strong>clivo‘</strong></span> <span class='ocrx_word' id='word_1_23' title='bbox 2135 512 2413 569; x_wconf 73' lang='lat' dir='ltr'><strong>orientali</strong></span> <span class='ocrx_word' id='word_1_24' title='bbox 2455 514 2512 568; x_wconf 91' lang='lat' dir='ltr'><strong>ei</strong></span> 
     </span>
     <span class='ocr_line' id='line_1_4' title="bbox 291 594 2510 675; baseline 0.001 -23"><span class='ocrx_word' id='word_1_25' title='bbox 291 595 573 668; x_wconf 87' lang='lat' dir='ltr'><strong>subjecto,</strong></span> <span class='ocrx_word' id='word_1_26' title='bbox 614 614 781 675; x_wconf 80' lang='lat' dir='ltr'><strong>quem</strong></span> <span class='ocrx_word' id='word_1_27' title='bbox 812 594 1031 667; x_wconf 78' lang='lat' dir='ltr'><strong>David,</strong></span> <span class='ocrx_word' id='word_1_28' title='bbox 1074 594 1369 653; x_wconf 82' lang='lat' dir='ltr'><strong>Jebusaeis</strong></span> <span class='ocrx_word' id='word_1_29' title='bbox 1409 604 1731 666; x_wconf 87' lang='lat' dir='ltr'><strong>extortum,</strong></span> <span class='ocrx_word' id='word_1_30' title='bbox 1776 594 2012 669; x_wconf 80' lang='lat' dir='ltr'><strong>proprio</strong></span> <span class='ocrx_word' id='word_1_31' title='bbox 2047 614 2212 653; x_wconf 88' lang='lat' dir='ltr'><strong>muro</strong></span> <span class='ocrx_word' id='word_1_32' title='bbox 2257 596 2510 654; x_wconf 83' lang='lat' dir='ltr'><strong>circum-</strong></span> 
     </span>
     <span class='ocr_line' id='line_1_5' title="bbox 295 675 2514 755; baseline 0 -21"><span class='ocrx_word' id='word_1_33' title='bbox 295 675 460 736; x_wconf 89' lang='lat' dir='ltr'><strong>dedit</strong></span> <span class='ocrx_word' id='word_1_34' title='bbox 490 689 682 740; x_wconf 85' lang='lat' dir='ltr'><strong>totum</strong></span> <span class='ocrx_word' id='word_1_35' title='bbox 718 681 787 755; x_wconf 83' lang='lat'><strong>(2</strong></span> <span class='ocrx_word' id='word_1_36' title='bbox 806 680 965 741; x_wconf 76' lang='lat' dir='ltr'><strong>Sam.</strong></span> <span class='ocrx_word' id='word_1_37' title='bbox 996 679 1059 752; x_wconf 82' lang='lat'><strong>5,</strong></span> <span class='ocrx_word' id='word_1_38' title='bbox 1086 678 1205 753; x_wconf 84' lang='grc'><strong>9.),</strong></span> <span class='ocrx_word' id='word_1_39' title='bbox 1252 679 1347 736; x_wconf 88' lang='lat' dir='ltr'><strong>cui</strong></span> <span class='ocrx_word' id='word_1_40' title='bbox 1374 677 1677 755; x_wconf 83' lang='lat' dir='ltr'><strong>Josephua,</strong></span> <span class='ocrx_word' id='word_1_41' title='bbox 1720 675 1867 736; x_wconf 82' lang='lat' dir='ltr'><strong>Bell.</strong></span> <span class='ocrx_word' id='word_1_42' title='bbox 1904 677 2044 737; x_wconf 76' lang='lat' dir='ltr'><strong>lua.</strong></span> <span class='ocrx_word' id='word_1_43' title='bbox 2087 677 2278 737; x_wconf 54' lang='grc' dir='ltr'><strong>[ΛΤ</strong></span> <span class='ocrx_word' id='word_1_44' title='bbox 2325 677 2392 747; x_wconf 67' lang='lat' dir='ltr'><strong>C,</strong></span> <span class='ocrx_word' id='word_1_45' title='bbox 2426 683 2514 754; x_wconf 82' lang='grc'><strong>6.,</strong></span> 
     </span>
     <span class='ocr_line' id='line_1_6' title="bbox 290 763 2513 841; baseline 0.001 -20"><span class='ocrx_word' id='word_1_46' title='bbox 290 764 618 841; x_wconf 69' lang='lat' dir='ltr'><strong>sexaginta</strong></span> <span class='ocrx_word' id='word_1_47' title='bbox 670 775 862 839; x_wconf 77' lang='lat' dir='ltr'><strong>turres</strong></span> <span class='ocrx_word' id='word_1_48' title='bbox 910 763 1041 823; x_wconf 88' lang='lat' dir='ltr'><strong>dat:</strong></span> <span class='ocrx_word' id='word_1_49' title='bbox 1112 763 1368 822; x_wconf 80' lang='lat' dir='ltr'><strong>faciebat</strong></span> <span class='ocrx_word' id='word_1_50' title='bbox 1421 772 1621 820; x_wconf 84' lang='lat' dir='ltr'><strong>autem</strong></span> <span class='ocrx_word' id='word_1_51' title='bbox 1668 770 1910 841; x_wconf 81' lang='lat' dir='ltr'><strong>partem</strong></span> <span class='ocrx_word' id='word_1_52' title='bbox 1970 763 2297 822; x_wconf 75' lang='lat' dir='ltr'><strong>australem</strong></span> <span class='ocrx_word' id='word_1_53' title='bbox 2353 765 2513 823; x_wconf 83' lang='lat' dir='ltr'><strong>urbis</strong></span> 
     </span>
     <span class='ocr_line' id='line_1_7' title="bbox 288 845 2511 928; baseline -0 -21"><span class='ocrx_word' id='word_1_54' title='bbox 288 847 752 928; x_wconf 71' lang='lat' dir='ltr'><strong>Hierosoly-mae.</strong></span> <span class='ocrx_word' id='word_1_55' title='bbox 837 848 961 908; x_wconf 84' lang='lat' dir='ltr'><strong>Has</strong></span> <span class='ocrx_word' id='word_1_56' title='bbox 987 848 1263 923; x_wconf 77' lang='lat' dir='ltr'><strong>fissuras</strong></span> <span class='ocrx_word' id='word_1_57' title='bbox 1303 858 1478 924; x_wconf 85' lang='lat' dir='ltr'><strong>poeta</strong></span> <span class='ocrx_word' id='word_1_58' title='bbox 1510 848 1641 907; x_wconf 79' lang='lat' dir='ltr'><strong>vult</strong></span> <span class='ocrx_word' id='word_1_59' title='bbox 1673 845 2240 925; x_wconf 78' lang='lat' dir='ltr'><strong>Hierosolymitanoa</strong></span> <span class='ocrx_word' id='word_1_60' title='bbox 2283 849 2511 924; x_wconf 76' lang='lat' dir='ltr'><strong>cidere,</strong></span> 
     </span>
     <span class='ocr_line' id='line_1_8' title="bbox 288 930 2512 1014; baseline 0.002 -25"><span class='ocrx_word' id='word_1_61' title='bbox 288 930 350 990; x_wconf 79' lang='lat' dir='ltr'><strong>h.</strong></span> <span class='ocrx_word' id='word_1_62' title='bbox 380 951 435 992; x_wconf 88' lang='lat' dir='ltr'><strong>e.</strong></span> <span class='ocrx_word' id='word_1_63' title='bbox 482 934 796 1014; x_wconf 80' lang='lat' dir='ltr'><strong>diligenter</strong></span> <span class='ocrx_word' id='word_1_64' title='bbox 831 936 1138 1013; x_wconf 71' lang='lat' dir='ltr'>inspicere,</span> <span class='ocrx_word' id='word_1_65' title='bbox 1182 934 1568 1005; x_wconf 86' lang='lat' dir='ltr'><strong>considerare,</strong></span> <span class='ocrx_word' id='word_1_66' title='bbox 1611 940 1896 1012; x_wconf 88' lang='lat' dir='ltr'><strong>quatenus</strong></span> <span class='ocrx_word' id='word_1_67' title='bbox 1939 933 2070 991; x_wconf 85' lang='lat' dir='ltr'><strong>urbi</strong></span> <span class='ocrx_word' id='word_1_68' title='bbox 2101 936 2343 993; x_wconf 82' lang='lat' dir='ltr'><strong>nocivae</strong></span> <span class='ocrx_word' id='word_1_69' title='bbox 2385 954 2512 993; x_wconf 84' lang='lat' dir='ltr'><strong>esse</strong></span> 
     </span>
     <span class='ocr_line' id='line_1_9' title="bbox 287 1017 2514 1107; baseline 0.002 -32"><span class='ocrx_word' id='word_1_70' title='bbox 287 1025 552 1095; x_wconf 83' lang='lat' dir='ltr'><strong>possent,</strong></span> <span class='ocrx_word' id='word_1_71' title='bbox 590 1030 648 1077; x_wconf 91' lang='lat' dir='ltr'><strong>et</strong></span> <span class='ocrx_word' id='word_1_72' title='bbox 675 1037 793 1095; x_wconf 84' lang='lat' dir='ltr'><strong>qua</strong></span> <span class='ocrx_word' id='word_1_73' title='bbox 823 1022 1040 1096; x_wconf 87' lang='lat' dir='ltr'><strong>optima</strong></span> <span class='ocrx_word' id='word_1_74' title='bbox 1066 1018 1293 1076; x_wconf 85' lang='lat' dir='ltr'><strong>ratione</strong></span> <span class='ocrx_word' id='word_1_75' title='bbox 1318 1017 1486 1075; x_wconf 86' lang='lat' dir='ltr'><strong>refici</strong></span> <span class='ocrx_word' id='word_1_76' title='bbox 1515 1034 1586 1073; x_wconf 88' lang='lat' dir='ltr'><strong>ac</strong></span> <span class='ocrx_word' id='word_1_77' title='bbox 1617 1018 1893 1093; x_wconf 88' lang='lat' dir='ltr'><strong>reparari.</strong></span> <span class='ocrx_word' id='word_1_78' title='bbox 1981 1029 2215 1079; x_wconf 63' lang='grc' dir='ltr'><strong>ἠ’-ἢκ</strong></span> <span class='ocrx_word' id='word_1_79' title='bbox 2258 1031 2514 1107; x_wconf 40' lang='lat' dir='ltr'><strong>astarte-7,</strong></span> 
     </span>
     <span class='ocr_line' id='line_1_10' title="bbox 290 1080 2513 1192; baseline -0.002 -25.993"><span class='ocrx_word' id='word_1_80' title='bbox 290 1105 675 1188; x_wconf 48' lang='lat' dir='ltr'><strong>Hyr-&#39;unna</strong></span> <span class='ocrx_word' id='word_1_81' title='bbox 697 1114 937 1192; x_wconf 61' lang='lat' dir='ltr'>27:3an</span> <span class='ocrx_word' id='word_1_82' title='bbox 990 1102 1076 1161; x_wconf 82' lang='lat' dir='ltr'><strong>Ee</strong></span> <span class='ocrx_word' id='word_1_83' title='bbox 1133 1102 1526 1179; x_wconf 75' lang='lat' dir='ltr'><strong>congregatis</strong></span> <span class='ocrx_word' id='word_1_84' title='bbox 1587 1116 1779 1181; x_wconf 78' lang='lat' dir='ltr'><strong>aquas</strong></span> <span class='ocrx_word' id='word_1_85' title='bbox 1832 1102 2106 1181; x_wconf 75' lang='lat' dir='ltr'><strong>piscinae</strong></span> <span class='ocrx_word' id='word_1_86' title='bbox 2160 1080 2513 1176; x_wconf 66' lang='lat' dir='ltr'><strong>inser-ibris.</strong></span> 
     </span>
     <span class='ocr_line' id='line_1_11' title="bbox 291 1167 2512 1271; baseline 0.001 -28"><span class='ocrx_word' id='word_1_87' title='bbox 291 1167 663 1246; x_wconf 85' lang='lat' dir='ltr'><strong>Obturabant</strong></span> <span class='ocrx_word' id='word_1_88' title='bbox 703 1192 858 1247; x_wconf 82' lang='lat' dir='ltr'><strong>cives</strong></span> <span class='ocrx_word' id='word_1_89' title='bbox 865 1168 1412 1263; x_wconf 76' lang='lat' dir='ltr'><strong>flierosolymitaui</strong></span> <span class='ocrx_word' id='word_1_90' title='bbox 1452 1204 1652 1245; x_wconf 90' lang='lat' dir='ltr'><strong>omues</strong></span> <span class='ocrx_word' id='word_1_91' title='bbox 1698 1194 1924 1244; x_wconf 89' lang='lat' dir='ltr'><strong>meatus</strong></span> <span class='ocrx_word' id='word_1_92' title='bbox 1966 1198 2024 1244; x_wconf 91' lang='lat' dir='ltr'><strong>et</strong></span> <span class='ocrx_word' id='word_1_93' title='bbox 2057 1204 2240 1271; x_wconf 79' lang='lat' dir='ltr'><strong>aquae</strong></span> <span class='ocrx_word' id='word_1_94' title='bbox 2273 1188 2512 1262; x_wconf 88' lang='lat' dir='ltr'><strong>ductus,</strong></span> 
     </span>
     <span class='ocr_line' id='line_1_12' title="bbox 287 1272 2513 1353; baseline 0.003 -26"><span class='ocrx_word' id='word_1_95' title='bbox 287 1288 393 1347; x_wconf 87' lang='lat' dir='ltr'><strong>per</strong></span> <span class='ocrx_word' id='word_1_96' title='bbox 436 1290 582 1347; x_wconf 85' lang='lat' dir='ltr'><strong>quos</strong></span> <span class='ocrx_word' id='word_1_97' title='bbox 626 1273 880 1353; x_wconf 73' lang='lat' dir='ltr'><strong>piscina</strong></span> <span class='ocrx_word' id='word_1_98' title='bbox 931 1272 1197 1346; x_wconf 73' lang='lat' dir='ltr'><strong>inferior</strong></span> <span class='ocrx_word' id='word_1_99' title='bbox 1251 1272 1323 1329; x_wconf 81' lang='lat' dir='ltr'><strong>ad</strong></span> <span class='ocrx_word' id='word_1_100' title='bbox 1368 1272 1565 1329; x_wconf 81' lang='lat' dir='ltr'><strong>varios</strong></span> <span class='ocrx_word' id='word_1_101' title='bbox 1615 1288 1757 1328; x_wconf 87' lang='lat' dir='ltr'><strong>usus</strong></span> <span class='ocrx_word' id='word_1_102' title='bbox 1811 1279 1986 1329; x_wconf 83' lang='lat' dir='ltr'><strong>extra</strong></span> <span class='ocrx_word' id='word_1_103' title='bbox 2031 1274 2228 1330; x_wconf 83' lang='lat' dir='ltr'><strong>urbem</strong></span> <span class='ocrx_word' id='word_1_104' title='bbox 2274 1275 2397 1331; x_wconf 83' lang='lat' dir='ltr'><strong>late</strong></span> <span class='ocrx_word' id='word_1_105' title='bbox 2445 1293 2513 1333; x_wconf 87' lang='lat' dir='ltr'><strong>se</strong></span> 
     </span>
     <span class='ocr_line' id='line_1_13' title="bbox 288 1352 2514 1436; baseline 0.004 -25"><span class='ocrx_word' id='word_1_106' title='bbox 288 1352 652 1431; x_wconf 81' lang='lat' dir='ltr'><strong>effundebat,</strong></span> <span class='ocrx_word' id='word_1_107' title='bbox 717 1368 785 1417; x_wconf 90' lang='lat' dir='ltr'><strong>ut</strong></span> <span class='ocrx_word' id='word_1_108' title='bbox 840 1354 1000 1416; x_wconf 88' lang='lat' dir='ltr'><strong>illius</strong></span> <span class='ocrx_word' id='word_1_109' title='bbox 1057 1373 1242 1436; x_wconf 87' lang='lat' dir='ltr'><strong>aquae</strong></span> <span class='ocrx_word' id='word_1_110' title='bbox 1298 1355 1373 1413; x_wconf 91' lang='lat' dir='ltr'><strong>ad</strong></span> <span class='ocrx_word' id='word_1_111' title='bbox 1427 1374 1600 1415; x_wconf 85' lang='lat' dir='ltr'><strong>usum</strong></span> <span class='ocrx_word' id='word_1_112' title='bbox 1660 1356 1819 1415; x_wconf 82' lang='lat' dir='ltr'><strong>urbis</strong></span> <span class='ocrx_word' id='word_1_113' title='bbox 1871 1358 2030 1414; x_wconf 86' lang='lat' dir='ltr'><strong>intra</strong></span> <span class='ocrx_word' id='word_1_114' title='bbox 2082 1361 2514 1435; x_wconf 67' lang='lat' dir='ltr'><strong>receptaculum</strong></span> 
     </span>
     <span class='ocr_line' id='line_1_14' title="bbox 284 1436 2174 1517; baseline 0.001 -20"><span class='ocrx_word' id='word_1_115' title='bbox 284 1439 545 1517; x_wconf 86' lang='lat' dir='ltr'><strong>piscinae</strong></span> <span class='ocrx_word' id='word_1_116' title='bbox 586 1445 862 1502; x_wconf 72' lang='lat' dir='ltr'><strong>collectae</strong></span> <span class='ocrx_word' id='word_1_117' title='bbox 902 1450 1223 1501; x_wconf 86' lang='lat' dir='ltr'><strong>manerent.</strong></span> <span class='ocrx_word' id='word_1_118' title='bbox 1315 1436 1403 1497; x_wconf 76' lang='lat' dir='ltr'><strong>Cf.</strong></span> <span class='ocrx_word' id='word_1_119' title='bbox 1446 1442 1684 1499; x_wconf 88' lang='lat' dir='ltr'><strong>omniuo</strong></span> <span class='ocrx_word' id='word_1_120' title='bbox 1726 1449 1855 1499; x_wconf 80' lang='lat' dir='ltr'><strong>not.</strong></span> <span class='ocrx_word' id='word_1_121' title='bbox 1899 1439 1974 1498; x_wconf 93' lang='lat' dir='ltr'><strong>ad</strong></span> <span class='ocrx_word' id='word_1_122' title='bbox 2017 1442 2078 1513; x_wconf 88' lang='grc'><strong>7,</strong></span> <span class='ocrx_word' id='word_1_123' title='bbox 2113 1442 2174 1499; x_wconf 89' lang='grc'><strong>3.</strong></span> 
     </span>
    </p>

    <p class='ocr_par' dir='ltr' id='par_1_3' title="bbox 282 1523 2513 2030">
     <span class='ocr_line' id='line_1_15' title="bbox 460 1523 2512 1615; baseline 0.003 -34"><span class='ocrx_word' id='word_1_124' title='bbox 460 1525 559 1584; x_wconf 86' lang='grc'><strong>10.</strong></span> <span class='ocrx_word' id='word_1_125' title='bbox 653 1534 919 1589; x_wconf 42' lang='lat' dir='ltr'><strong>:tanne</strong></span> <span class='ocrx_word' id='word_1_126' title='bbox 978 1524 1219 1615; x_wconf 55' lang='lat' dir='ltr'><strong>inb-Um*</strong></span> <span class='ocrx_word' id='word_1_127' title='bbox 1283 1537 1606 1615; x_wconf 54' lang='lat' dir='ltr'><strong>’nn-nm</strong></span> <span class='ocrx_word' id='word_1_128' title='bbox 1664 1524 1751 1583; x_wconf 76' lang='lat' dir='ltr'><strong>Et</strong></span> <span class='ocrx_word' id='word_1_129' title='bbox 1803 1525 2000 1584; x_wconf 70' lang='lat' dir='ltr'><strong>domos</strong></span> <span class='ocrx_word' id='word_1_130' title='bbox 2053 1523 2512 1606; x_wconf 65' lang='lat' dir='ltr'><strong>Hierosolyma</strong></span> 
     </span>
     <span class='ocr_line' id='line_1_16' title="bbox 284 1588 2510 1690; baseline 0.003 -24"><span class='ocrx_word' id='word_1_131' title='bbox 284 1611 653 1684; x_wconf 59' lang='lat' dir='ltr'><strong>numerans,</strong></span> <span class='ocrx_word' id='word_1_132' title='bbox 720 1595 785 1672; x_wconf 86' lang='lat' dir='ltr'><strong>i.</strong></span> <span class='ocrx_word' id='word_1_133' title='bbox 805 1633 854 1670; x_wconf 88' lang='lat' dir='ltr'><strong>e.</strong></span> <span class='ocrx_word' id='word_1_134' title='bbox 904 1588 1218 1671; x_wconf 72' lang='lat' dir='ltr'><strong>recensetis</strong></span> <span class='ocrx_word' id='word_1_135' title='bbox 1276 1619 1335 1668; x_wconf 88' lang='lat' dir='ltr'><strong>et</strong></span> <span class='ocrx_word' id='word_1_136' title='bbox 1383 1590 1742 1669; x_wconf 73' lang='lat' dir='ltr'><strong>&#39;recen-eudo</strong></span> <span class='ocrx_word' id='word_1_137' title='bbox 1800 1610 2112 1690; x_wconf 78' lang='lat' dir='ltr'><strong>diligenter</strong></span> <span class='ocrx_word' id='word_1_138' title='bbox 2168 1612 2510 1688; x_wconf 69' lang='lat' dir='ltr'><strong>inspectatio</strong></span> 
     </span>
     <span class='ocr_line' id='line_1_17' title="bbox 282 1692 2511 1773; baseline 0.003 -22"><span class='ocrx_word' id='word_1_139' title='bbox 282 1692 435 1773; x_wconf 83' lang='lat' dir='ltr'><strong>(quo</strong></span> <span class='ocrx_word' id='word_1_140' title='bbox 477 1713 649 1755; x_wconf 86' lang='lat' dir='ltr'><strong>seusu</strong></span> <span class='ocrx_word' id='word_1_141' title='bbox 684 1695 919 1756; x_wconf 82' lang='lat' dir='ltr'><strong>verbum</strong></span> <span class='ocrx_word' id='word_1_142' title='bbox 958 1706 1093 1761; x_wconf 65' lang='grc' dir='ltr'><strong>Ἶιῦ</strong></span> <span class='ocrx_word' id='word_1_143' title='bbox 1138 1708 1199 1753; x_wconf 89' lang='lat' dir='ltr'><strong>et</strong></span> <span class='ocrx_word' id='word_1_144' title='bbox 1245 1693 1343 1754; x_wconf 86' lang='lat' dir='ltr'><strong>Ps.</strong></span> <span class='ocrx_word' id='word_1_145' title='bbox 1386 1693 1526 1767; x_wconf 82' lang='grc'><strong>119,</strong></span> <span class='ocrx_word' id='word_1_146' title='bbox 1557 1696 1661 1755; x_wconf 83' lang='grc'><strong>26.</strong></span> <span class='ocrx_word' id='word_1_147' title='bbox 1709 1693 1992 1772; x_wconf 86' lang='lat' dir='ltr'><strong>sumitur)</strong></span> <span class='ocrx_word' id='word_1_148' title='bbox 2038 1697 2242 1755; x_wconf 88' lang='lat' dir='ltr'><strong>domos</strong></span> <span class='ocrx_word' id='word_1_149' title='bbox 2287 1696 2511 1757; x_wconf 87' lang='lat' dir='ltr'><strong>Hiero-</strong></span> 
     </span>
     <span class='ocr_line' id='line_1_18' title="bbox 283 1763 2513 1856; baseline 0.004 -21"><span class='ocrx_word' id='word_1_150' title='bbox 283 1778 684 1856; x_wconf 83' lang='lat' dir='ltr'><strong>solymitauas‚</strong></span> <span class='ocrx_word' id='word_1_151' title='bbox 722 1791 789 1841; x_wconf 92' lang='lat' dir='ltr'><strong>ut</strong></span> <span class='ocrx_word' id='word_1_152' title='bbox 816 1763 1097 1852; x_wconf 63' lang='lat' dir='ltr'><strong>videatis:</strong></span> <span class='ocrx_word' id='word_1_153' title='bbox 1132 1798 1278 1856; x_wconf 86' lang='lat' dir='ltr'><strong>quae</strong></span> <span class='ocrx_word' id='word_1_154' title='bbox 1309 1797 1508 1837; x_wconf 90' lang='lat' dir='ltr'><strong>earum</strong></span> <span class='ocrx_word' id='word_1_155' title='bbox 1535 1798 1667 1837; x_wconf 85' lang='lat' dir='ltr'><strong>eum</strong></span> <span class='ocrx_word' id='word_1_156' title='bbox 1696 1780 1935 1837; x_wconf 86' lang='lat' dir='ltr'><strong>minimo</strong></span> <span class='ocrx_word' id='word_1_157' title='bbox 1967 1779 2126 1838; x_wconf 87' lang='lat' dir='ltr'><strong>urbis</strong></span> <span class='ocrx_word' id='word_1_158' title='bbox 2161 1779 2513 1844; x_wconf 87' lang='lat' dir='ltr'><strong>detrimento</strong></span> 
     </span>
     <span class='ocr_line' id='line_1_19' title="bbox 283 1863 2512 1942; baseline 0.003 -20"><span class='ocrx_word' id='word_1_159' title='bbox 283 1872 345 1922; x_wconf 91' lang='lat' dir='ltr'><strong>et</strong></span> <span class='ocrx_word' id='word_1_160' title='bbox 387 1865 452 1921; x_wconf 85' lang='lat' dir='ltr'><strong>iu</strong></span> <span class='ocrx_word' id='word_1_161' title='bbox 496 1883 662 1925; x_wconf 86' lang='lat' dir='ltr'><strong>usum</strong></span> <span class='ocrx_word' id='word_1_162' title='bbox 698 1867 1225 1925; x_wconf 74' lang='lat' dir='ltr'><strong>commodissimum</strong></span> <span class='ocrx_word' id='word_1_163' title='bbox 1273 1863 1426 1920; x_wconf 85' lang='lat' dir='ltr'><strong>dirui</strong></span> <span class='ocrx_word' id='word_1_164' title='bbox 1467 1865 1694 1937; x_wconf 77' lang='lat' dir='ltr'><strong>possint</strong></span> <span class='ocrx_word' id='word_1_165' title='bbox 1737 1864 1812 1922; x_wconf 91' lang='lat' dir='ltr'><strong>ad</strong></span> <span class='ocrx_word' id='word_1_166' title='bbox 1852 1882 2081 1923; x_wconf 84' lang='lat' dir='ltr'><strong>murum</strong></span> <span class='ocrx_word' id='word_1_167' title='bbox 2123 1867 2512 1942; x_wconf 83' lang='lat' dir='ltr'><strong>reparandum</strong></span> 
     </span>
     <span class='ocr_line' id='line_1_20' title="bbox 282 1946 2513 2030; baseline 0.003 -24"><span class='ocrx_word' id='word_1_168' title='bbox 282 1946 772 2028; x_wconf 84' lang='lat' dir='ltr'><strong>muniendumque</strong></span> <span class='ocrx_word' id='word_1_169' title='bbox 820 1950 1101 2011; x_wconf 84' lang='lat' dir='ltr'><strong>turribus.</strong></span> <span class='ocrx_word' id='word_1_170' title='bbox 1186 1947 1276 2008; x_wconf 73' lang='lat' dir='ltr'><strong>Cf.</strong></span> <span class='ocrx_word' id='word_1_171' title='bbox 1323 1946 1599 2009; x_wconf 74' lang='lat' dir='ltr'><strong>2ehrou.</strong></span> <span class='ocrx_word' id='word_1_172' title='bbox 1633 1950 1740 2024; x_wconf 85' lang='grc'><strong>32,</strong></span> <span class='ocrx_word' id='word_1_173' title='bbox 1773 1952 1831 2008; x_wconf 90' lang='grc'><strong>2.</strong></span> <span class='ocrx_word' id='word_1_174' title='bbox 1865 1967 1986 2027; x_wconf 84' lang='lat' dir='ltr'><strong>sqq.</strong></span> <span class='ocrx_word' id='word_1_175' title='bbox 2035 1948 2131 2006; x_wconf 87' lang='lat' dir='ltr'><strong>ubi</strong></span> <span class='ocrx_word' id='word_1_176' title='bbox 2172 1953 2346 2022; x_wconf 88' lang='lat' dir='ltr'><strong>ratio,</strong></span> <span class='ocrx_word' id='word_1_177' title='bbox 2392 1971 2513 2030; x_wconf 87' lang='lat' dir='ltr'><strong>qua</strong></span> 
     </span>
    </p>
   </div>
   <div class='ocr_carea' id='block_1_3' title="bbox 180 2030 2513 2111">
    <p class='ocr_par' dir='ltr' id='par_1_4' title="bbox 180 2030 2513 2111">
     <span class='ocr_line' id='line_1_21' title="bbox 180 2030 2513 2111; baseline 0.003 -22"><span class='ocrx_word' id='word_1_178' title='bbox 180 2050 183 2057; x_wconf 74' lang='grc'>’</span> <span class='ocrx_word' id='word_1_179' title='bbox 280 2030 525 2097; x_wconf 83' lang='lat' dir='ltr'><strong>Hiskias</strong></span> <span class='ocrx_word' id='word_1_180' title='bbox 557 2034 752 2095; x_wconf 88' lang='lat' dir='ltr'><strong>urbem</strong></span> <span class='ocrx_word' id='word_1_181' title='bbox 787 2046 992 2094; x_wconf 88' lang='lat' dir='ltr'><strong>contra</strong></span> <span class='ocrx_word' id='word_1_182' title='bbox 1017 2034 1215 2100; x_wconf 79' lang='lat' dir='ltr'><strong>hostes</strong></span> <span class='ocrx_word' id='word_1_183' title='bbox 1244 2033 1520 2106; x_wconf 79' lang='lat' dir='ltr'><strong>munivit,</strong></span> <span class='ocrx_word' id='word_1_184' title='bbox 1565 2043 1899 2108; x_wconf 83' lang='lat' dir='ltr'><strong>enarratur,</strong></span> <span class='ocrx_word' id='word_1_185' title='bbox 1937 2036 2110 2111; x_wconf 88' lang='lat' dir='ltr'><strong>plane</strong></span> <span class='ocrx_word' id='word_1_186' title='bbox 2143 2053 2275 2095; x_wconf 89' lang='lat' dir='ltr'><strong>cum</strong></span> <span class='ocrx_word' id='word_1_187' title='bbox 2307 2052 2513 2097; x_wconf 81' lang='lat' dir='ltr'><strong>nostro</strong></span> 
     </span>
    </p>
   </div>
   <div class='ocr_carea' id='block_1_4' title="bbox 268 2120 2593 2968">
    <p class='ocr_par' dir='ltr' id='par_1_5' title="bbox 279 2120 848 2179">
     <span class='ocr_line' id='line_1_22' title="bbox 279 2120 848 2179; baseline 0.004 -2"><span class='ocrx_word' id='word_1_188' title='bbox 279 2126 415 2177; x_wconf 80' lang='lat' dir='ltr'><strong>vate</strong></span> <span class='ocrx_word' id='word_1_189' title='bbox 454 2120 848 2179; x_wconf 83' lang='lat' dir='ltr'><strong>consentiens.</strong></span> 
     </span>
    </p>

    <p class='ocr_par' dir='ltr' id='par_1_6' title="bbox 268 2197 2593 2968">
     <span class='ocr_line' id='line_1_23' title="bbox 456 2197 2515 2298; baseline 0.002 -37"><span class='ocrx_word' id='word_1_190' title='bbox 456 2204 558 2264; x_wconf 83' lang='grc' dir='ltr'><strong>ιι.</strong></span> <span class='ocrx_word' id='word_1_191' title='bbox 645 2203 890 2295; x_wconf 52' lang='grc' dir='ltr'>-ιξιρῑιτ</span> <span class='ocrx_word' id='word_1_192' title='bbox 945 2212 1181 2298; x_wconf 45' lang='lat' dir='ltr'><strong>nazar:</strong></span> <span class='ocrx_word' id='word_1_193' title='bbox 1236 2197 1356 2297; x_wconf 58' lang='lat' dir='ltr'><strong>&#39;&#39;i-³².</strong></span> <span class='ocrx_word' id='word_1_194' title='bbox 1410 2211 1480 2267; x_wconf 75' lang='lat' dir='ltr'><strong>a</strong></span> <span class='ocrx_word' id='word_1_195' title='bbox 1484 2201 1690 2269; x_wconf 66' lang='lat' dir='ltr'><strong>niahn</strong></span> <span class='ocrx_word' id='word_1_196' title='bbox 1745 2214 1849 2292; x_wconf 64' lang='lat'><strong>7³²¹?-</strong></span> <span class='ocrx_word' id='word_1_197' title='bbox 1900 2206 2118 2294; x_wconf 58' lang='lat' dir='ltr'><strong>nnwipr</strong></span> <span class='ocrx_word' id='word_1_198' title='bbox 2170 2213 2375 2297; x_wconf 59' lang='grc' dir='ltr'>ι-ιῃριιι</span> <span class='ocrx_word' id='word_1_199' title='bbox 2425 2204 2515 2266; x_wconf 81' lang='lat' dir='ltr'><strong>Ee</strong></span> 
     </span>
     <span class='ocr_line' id='line_1_24' title="bbox 279 2268 2512 2370; baseline 0.002 -25"><span class='ocrx_word' id='word_1_200' title='bbox 279 2270 831 2367; x_wconf 51' lang='lat' dir='ltr'><strong>congregationi&amp;</strong></span> <span class='ocrx_word' id='word_1_201' title='bbox 850 2308 1132 2370; x_wconf 80' lang='lat' dir='ltr'><strong>aquarum</strong></span> <span class='ocrx_word' id='word_1_202' title='bbox 1149 2268 1417 2364; x_wconf 68' lang='grc' dir='ltr'>Ῐαοίἷίι</span> <span class='ocrx_word' id='word_1_203' title='bbox 1465 2271 1644 2347; x_wconf 57' lang='lat' dir='ltr'><strong>iiten·</strong></span> <span class='ocrx_word' id='word_1_204' title='bbox 1698 2288 1845 2348; x_wconf 73' lang='lat' dir='ltr'><strong>duos</strong></span> <span class='ocrx_word' id='word_1_205' title='bbox 1901 2306 2102 2348; x_wconf 73' lang='lat' dir='ltr'><strong>austros</strong></span> <span class='ocrx_word' id='word_1_206' title='bbox 2155 2307 2278 2368; x_wconf 82' lang='lat' dir='ltr'><strong>pro</strong></span> <span class='ocrx_word' id='word_1_207' title='bbox 2331 2291 2512 2369; x_wconf 74' lang='lat' dir='ltr'><strong>aquis</strong></span> 
     </span>
     <span class='ocr_line' id='line_1_25' title="bbox 268 2368 2593 2454; baseline 0.002 -22"><span class='ocrx_word' id='word_1_208' title='bbox 268 2374 549 2454; x_wconf 74' lang='lat' dir='ltr'><strong>piscinae</strong></span> <span class='ocrx_word' id='word_1_209' title='bbox 590 2374 842 2434; x_wconf 73' lang='lat' dir='ltr'><strong>veteris·</strong></span> <span class='ocrx_word' id='word_1_210' title='bbox 927 2368 1149 2435; x_wconf 80' lang='lat' dir='ltr'><strong>Sensus</strong></span> <span class='ocrx_word' id='word_1_211' title='bbox 1183 2385 1296 2448; x_wconf 87' lang='lat' dir='ltr'><strong>est,</strong></span> <span class='ocrx_word' id='word_1_212' title='bbox 1336 2384 1492 2434; x_wconf 88' lang='lat' dir='ltr'><strong>reete</strong></span> <span class='ocrx_word' id='word_1_213' title='bbox 1527 2376 1874 2435; x_wconf 81' lang='lat' dir='ltr'><strong>observante</strong></span> <span class='ocrx_word' id='word_1_214' title='bbox 1901 2372 2195 2454; x_wconf 79' lang='lat' dir='ltr'><strong>Vitringa,</strong></span> <span class='ocrx_word' id='word_1_215' title='bbox 2233 2373 2514 2437; x_wconf 80' lang='lat' dir='ltr'><strong>Hiskians</strong></span> <span class='ocrx_word' id='word_1_216' title='bbox 2575 2391 2593 2413; x_wconf 87' lang='lat'><strong><em>‘</em></strong></span> 
     </span>
     <span class='ocr_line' id='line_1_26' title="bbox 278 2456 2512 2541; baseline 0.001 -24"><span class='ocrx_word' id='word_1_217' title='bbox 278 2476 475 2541; x_wconf 77' lang='lat' dir='ltr'><strong>regem</strong></span> <span class='ocrx_word' id='word_1_218' title='bbox 516 2459 746 2520; x_wconf 81' lang='lat' dir='ltr'><strong>fontem</strong></span> <span class='ocrx_word' id='word_1_219' title='bbox 789 2456 1040 2519; x_wconf 73' lang='lat' dir='ltr'><strong>G&#39;s’ltom‘s</strong></span> <span class='ocrx_word' id='word_1_220' title='bbox 1085 2460 1209 2518; x_wconf 84' lang='lat' dir='ltr'><strong>sive</strong></span> <span class='ocrx_word' id='word_1_221' title='bbox 1249 2457 1533 2530; x_wconf 71' lang='lat' dir='ltr'><strong>Silvani,</strong></span> <span class='ocrx_word' id='word_1_222' title='bbox 1594 2462 1698 2540; x_wconf 85' lang='lat' dir='ltr'><strong>qui</strong></span> <span class='ocrx_word' id='word_1_223' title='bbox 1740 2469 1868 2519; x_wconf 88' lang='lat' dir='ltr'><strong>erat</strong></span> <span class='ocrx_word' id='word_1_224' title='bbox 1910 2471 2081 2518; x_wconf 84' lang='lat' dir='ltr'><strong>extra</strong></span> <span class='ocrx_word' id='word_1_225' title='bbox 2124 2461 2320 2519; x_wconf 87' lang='lat' dir='ltr'><strong>urbem</strong></span> <span class='ocrx_word' id='word_1_226' title='bbox 2367 2480 2512 2537; x_wconf 85' lang='lat' dir='ltr'><strong>pro-</strong></span> 
     </span>
     <span class='ocr_line' id='line_1_27' title="bbox 278 2543 2512 2620; baseline 0.002 -18"><span class='ocrx_word' id='word_1_227' title='bbox 278 2546 436 2604; x_wconf 88' lang='lat' dir='ltr'><strong>xime</strong></span> <span class='ocrx_word' id='word_1_228' title='bbox 479 2545 782 2604; x_wconf 75' lang='lat' dir='ltr'><strong>occidam</strong></span> <span class='ocrx_word' id='word_1_229' title='bbox 829 2556 1081 2605; x_wconf 86' lang='lat' dir='ltr'><strong>tractum</strong></span> <span class='ocrx_word' id='word_1_230' title='bbox 1125 2548 1345 2604; x_wconf 83' lang='lat' dir='ltr'><strong>montis</strong></span> <span class='ocrx_word' id='word_1_231' title='bbox 1384 2544 1615 2620; x_wconf 87' lang='lat' dir='ltr'><strong>Zionis,</strong></span> <span class='ocrx_word' id='word_1_232' title='bbox 1657 2559 1732 2606; x_wconf 80' lang='lat' dir='ltr'><strong>ex</strong></span> <span class='ocrx_word' id='word_1_233' title='bbox 1775 2545 1939 2620; x_wconf 72' lang='lat' dir='ltr'><strong>eujus</strong></span> <span class='ocrx_word' id='word_1_234' title='bbox 1977 2543 2268 2603; x_wconf 86' lang='lat' dir='ltr'><strong>radicibus</strong></span> <span class='ocrx_word' id='word_1_235' title='bbox 2309 2558 2512 2606; x_wconf 86' lang='lat' dir='ltr'><strong>scatu-</strong></span> 
     </span>
     <span class='ocr_line' id='line_1_28' title="bbox 278 2623 2513 2711; baseline 0.001 -23"><span class='ocrx_word' id='word_1_236' title='bbox 278 2628 488 2703; x_wconf 77' lang='lat' dir='ltr'><strong>tiebat,</strong></span> <span class='ocrx_word' id='word_1_237' title='bbox 531 2628 977 2690; x_wconf 68' lang='lat' dir='ltr'><strong>circumdedisse</strong></span> <span class='ocrx_word' id='word_1_238' title='bbox 1005 2647 1196 2701; x_wconf 86' lang='lat' dir='ltr'><strong>muro,</strong></span> <span class='ocrx_word' id='word_1_239' title='bbox 1242 2623 1352 2710; x_wconf 78' lang='lat' dir='ltr'><strong>qui</strong></span> <span class='ocrx_word' id='word_1_240' title='bbox 1382 2632 1653 2707; x_wconf 85' lang='lat' dir='ltr'><strong>utrinque</strong></span> <span class='ocrx_word' id='word_1_241' title='bbox 1687 2649 1854 2689; x_wconf 88' lang='lat' dir='ltr'><strong>muro</strong></span> <span class='ocrx_word' id='word_1_242' title='bbox 1888 2627 2097 2688; x_wconf 89' lang='lat' dir='ltr'><strong>Zionis</strong></span> <span class='ocrx_word' id='word_1_243' title='bbox 2134 2632 2513 2711; x_wconf 75' lang='lat' dir='ltr'><strong>jungeretur,</strong></span> 
     </span>
     <span class='ocr_line' id='line_1_29' title="bbox 278 2711 2518 2796; baseline 0.002 -25"><span class='ocrx_word' id='word_1_244' title='bbox 278 2722 342 2772; x_wconf 89' lang='lat' dir='ltr'><strong>et</strong></span> <span class='ocrx_word' id='word_1_245' title='bbox 384 2716 542 2774; x_wconf 89' lang='lat' dir='ltr'><strong>inter</strong></span> <span class='ocrx_word' id='word_1_246' title='bbox 588 2711 734 2774; x_wconf 87' lang='lat' dir='ltr'><strong>duos</strong></span> <span class='ocrx_word' id='word_1_247' title='bbox 772 2733 970 2774; x_wconf 87' lang='lat' dir='ltr'><strong>muros</strong></span> <span class='ocrx_word' id='word_1_248' title='bbox 1014 2714 1224 2775; x_wconf 76' lang='lat' dir='ltr'><strong>fecisse</strong></span> <span class='ocrx_word' id='word_1_249' title='bbox 1267 2733 1540 2796; x_wconf 80' lang='lat' dir='ltr'><strong>magnam</strong></span> <span class='ocrx_word' id='word_1_250' title='bbox 1582 2717 1865 2787; x_wconf 85' lang='lat' dir='ltr'><strong>scrobem,</strong></span> <span class='ocrx_word' id='word_1_251' title='bbox 1911 2716 1973 2772; x_wconf 91' lang='lat' dir='ltr'><strong>in</strong></span> <span class='ocrx_word' id='word_1_252' title='bbox 2013 2733 2182 2792; x_wconf 83' lang='lat' dir='ltr'><strong>quam</strong></span> <span class='ocrx_word' id='word_1_253' title='bbox 2215 2713 2518 2775; x_wconf 78' lang='lat' dir='ltr'><strong>derivaret</strong></span> 
     </span>
     <span class='ocr_line' id='line_1_30' title="bbox 277 2798 2514 2884; baseline 0.002 -27"><span class='ocrx_word' id='word_1_254' title='bbox 277 2815 459 2879; x_wconf 86' lang='lat' dir='ltr'><strong>aquas</strong></span> <span class='ocrx_word' id='word_1_255' title='bbox 498 2798 781 2877; x_wconf 73' lang='lat' dir='ltr'><strong>piscinae</strong></span> <span class='ocrx_word' id='word_1_256' title='bbox 822 2800 1066 2872; x_wconf 65' lang='lat' dir='ltr'><strong>aalma,</strong></span> <span class='ocrx_word' id='word_1_257' title='bbox 1116 2798 1173 2857; x_wconf 85' lang='lat' dir='ltr'><strong>h.</strong></span> <span class='ocrx_word' id='word_1_258' title='bbox 1204 2821 1253 2861; x_wconf 86' lang='lat' dir='ltr'><strong>e.</strong></span> <span class='ocrx_word' id='word_1_259' title='bbox 1285 2803 1501 2884; x_wconf 79' lang='lat' dir='ltr'><strong>regiae,</strong></span> <span class='ocrx_word' id='word_1_260' title='bbox 1545 2818 1618 2859; x_wconf 90' lang='lat' dir='ltr'><strong>ne</strong></span> <span class='ocrx_word' id='word_1_261' title='bbox 1651 2798 1914 2859; x_wconf 83' lang='lat' dir='ltr'><strong>hostibus</strong></span> <span class='ocrx_word' id='word_1_262' title='bbox 1943 2800 2204 2878; x_wconf 76' lang='lat' dir='ltr'><strong>Assyriis</strong></span> <span class='ocrx_word' id='word_1_263' title='bbox 2242 2801 2304 2857; x_wconf 92' lang='lat' dir='ltr'><strong>in</strong></span> <span class='ocrx_word' id='word_1_264' title='bbox 2335 2819 2514 2861; x_wconf 88' lang='grc' dir='ltr'>ιιιιιιιι</span> 
     </span>
     <span class='ocr_line' id='line_1_31' title="bbox 278 2884 2510 2968; baseline 0 -25"><span class='ocrx_word' id='word_1_265' title='bbox 278 2884 602 2962; x_wconf 73' lang='lat' dir='ltr'><strong>prodesset,</strong></span> <span class='ocrx_word' id='word_1_266' title='bbox 642 2894 724 2956; x_wconf 88' lang='lat' dir='ltr'><strong>et,</strong></span> <span class='ocrx_word' id='word_1_267' title='bbox 766 2894 835 2944; x_wconf 87' lang='lat' dir='ltr'><strong>ut</strong></span> <span class='ocrx_word' id='word_1_268' title='bbox 876 2884 1112 2949; x_wconf 83' lang='lat' dir='ltr'><strong>haberet</strong></span> <span class='ocrx_word' id='word_1_269' title='bbox 1154 2885 1311 2958; x_wconf 77' lang='lat' dir='ltr'><strong>fona,</strong></span> <span class='ocrx_word' id='word_1_270' title='bbox 1355 2905 1471 2968; x_wconf 88' lang='lat' dir='ltr'><strong>quo</strong></span> <span class='ocrx_word' id='word_1_271' title='bbox 1519 2903 1583 2942; x_wconf 91' lang='lat' dir='ltr'><strong>se</strong></span> <span class='ocrx_word' id='word_1_272' title='bbox 1621 2896 2004 2958; x_wconf 86' lang='lat' dir='ltr'><strong>exoneraret,</strong></span> <span class='ocrx_word' id='word_1_273' title='bbox 2047 2885 2338 2943; x_wconf 86' lang='lat' dir='ltr'><strong>obturatis</strong></span> <span class='ocrx_word' id='word_1_274' title='bbox 2377 2889 2510 2961; x_wconf 82' lang='lat' dir='ltr'><strong>ejus</strong></span> 
     </span>
    </p>
   </div>
   <div class='ocr_carea' id='block_1_5' title="bbox 279 2967 2634 3052">
    <p class='ocr_par' dir='ltr' id='par_1_7' title="bbox 279 2967 2634 3052">
     <span class='ocr_line' id='line_1_32' title="bbox 279 2967 2634 3052; baseline 0 -24"><span class='ocrx_word' id='word_1_275' title='bbox 279 2967 590 3052; x_wconf 75' lang='lat' dir='ltr'><strong>profluviis</strong></span> <span class='ocrx_word' id='word_1_276' title='bbox 631 2988 836 3032; x_wconf 80' lang='lat' dir='ltr'><strong>versus</strong></span> <span class='ocrx_word' id='word_1_277' title='bbox 880 2978 1139 3032; x_wconf 76' lang='lat' dir='ltr'><strong>veterem</strong></span> <span class='ocrx_word' id='word_1_278' title='bbox 1174 2973 1335 3030; x_wconf 85' lang='lat' dir='ltr'><strong>illam</strong></span> <span class='ocrx_word' id='word_1_279' title='bbox 1369 2969 1712 3051; x_wconf 72' lang='lat' dir='ltr'><strong>piscinam:</strong></span> <span class='ocrx_word' id='word_1_280' title='bbox 1754 2970 1872 3044; x_wconf 83' lang='lat' dir='ltr'><strong>vel,</strong></span> <span class='ocrx_word' id='word_1_281' title='bbox 1908 2988 2016 3052; x_wconf 80' lang='lat' dir='ltr'><strong>reg</strong></span> <span class='ocrx_word' id='word_1_282' title='bbox 2018 2989 2107 3029; x_wconf 88' lang='lat' dir='ltr'><strong>em</strong></span> <span class='ocrx_word' id='word_1_283' title='bbox 2139 2988 2242 3046; x_wconf 87' lang='lat' dir='ltr'><strong>per</strong></span> <span class='ocrx_word' id='word_1_284' title='bbox 2276 2972 2513 3029; x_wconf 79' lang='lat' dir='ltr'><strong>canales</strong></span> <span class='ocrx_word' id='word_1_285' title='bbox 2625 2997 2634 3006; x_wconf 79' lang='grc'>·</span> 
     </span>
    </p>
   </div>
   <div class='ocr_carea' id='block_1_6' title="bbox 277 3053 2517 3392">
    <p class='ocr_par' dir='ltr' id='par_1_8' title="bbox 277 3053 2517 3392">
     <span class='ocr_line' id='line_1_33' title="bbox 280 3053 2517 3134; baseline 0.001 -23"><span class='ocrx_word' id='word_1_286' title='bbox 280 3055 693 3115; x_wconf 84' lang='lat' dir='ltr'><strong>subterraneos</strong></span> <span class='ocrx_word' id='word_1_287' title='bbox 737 3072 919 3134; x_wconf 86' lang='lat' dir='ltr'><strong>aquas</strong></span> <span class='ocrx_word' id='word_1_288' title='bbox 963 3055 1147 3116; x_wconf 76' lang='lat' dir='ltr'><strong>fontis</strong></span> <span class='ocrx_word' id='word_1_289' title='bbox 1193 3058 1392 3117; x_wconf 82' lang='lat' dir='ltr'><strong>Siloae</strong></span> <span class='ocrx_word' id='word_1_290' title='bbox 1448 3056 1684 3114; x_wconf 87' lang='lat' dir='ltr'><strong>duxisse</strong></span> <span class='ocrx_word' id='word_1_291' title='bbox 1731 3056 1797 3114; x_wconf 86' lang='lat' dir='ltr'><strong>in</strong></span> <span class='ocrx_word' id='word_1_292' title='bbox 1847 3055 2030 3133; x_wconf 81' lang='lat' dir='ltr'><strong>ipsam</strong></span> <span class='ocrx_word' id='word_1_293' title='bbox 2077 3053 2279 3112; x_wconf 75' lang='lat' dir='ltr'><strong>urbem</strong></span> <span class='ocrx_word' id='word_1_294' title='bbox 2329 3073 2517 3133; x_wconf 76' lang='lat' dir='ltr'><strong>supe-</strong></span> 
     </span>
     <span class='ocr_line' id='line_1_34' title="bbox 279 3139 2514 3221; baseline 0 -25"><span class='ocrx_word' id='word_1_295' title='bbox 279 3139 542 3211; x_wconf 74' lang='lat' dir='ltr'><strong>rs&#39;orem,</strong></span> <span class='ocrx_word' id='word_1_296' title='bbox 599 3139 796 3198; x_wconf 86' lang='lat' dir='ltr'><strong>excisa</strong></span> <span class='ocrx_word' id='word_1_297' title='bbox 835 3140 918 3200; x_wconf 88' lang='lat' dir='ltr'><strong>ibi</strong></span> <span class='ocrx_word' id='word_1_298' title='bbox 958 3142 1182 3219; x_wconf 86' lang='lat' dir='ltr'><strong>piscina</strong></span> <span class='ocrx_word' id='word_1_299' title='bbox 1222 3144 1286 3200; x_wconf 89' lang='lat' dir='ltr'><strong>in</strong></span> <span class='ocrx_word' id='word_1_300' title='bbox 1322 3158 1493 3200; x_wconf 86' lang='lat' dir='ltr'><strong>usum</strong></span> <span class='ocrx_word' id='word_1_301' title='bbox 1535 3139 1743 3199; x_wconf 86' lang='lat' dir='ltr'><strong>harum</strong></span> <span class='ocrx_word' id='word_1_302' title='bbox 1788 3157 2108 3218; x_wconf 85' lang='lat' dir='ltr'><strong>aquarum,</strong></span> <span class='ocrx_word' id='word_1_303' title='bbox 2156 3157 2304 3215; x_wconf 85' lang='lat' dir='ltr'><strong>quae</strong></span> <span class='ocrx_word' id='word_1_304' title='bbox 2348 3153 2514 3221; x_wconf 76' lang='lat' dir='ltr'><strong>tege-</strong></span> 
     </span>
     <span class='ocr_line' id='line_1_35' title="bbox 277 3220 2511 3298; baseline 0.001 -17"><span class='ocrx_word' id='word_1_305' title='bbox 277 3234 441 3284; x_wconf 85' lang='lat' dir='ltr'><strong>retur</strong></span> <span class='ocrx_word' id='word_1_306' title='bbox 481 3242 517 3282; x_wconf 91' lang='lat' dir='ltr'><strong>a</strong></span> <span class='ocrx_word' id='word_1_307' title='bbox 563 3220 786 3284; x_wconf 88' lang='lat' dir='ltr'><strong>duobus</strong></span> <span class='ocrx_word' id='word_1_308' title='bbox 832 3230 1050 3298; x_wconf 86' lang='lat' dir='ltr'><strong>muris,</strong></span> <span class='ocrx_word' id='word_1_309' title='bbox 1092 3229 1386 3285; x_wconf 84' lang='lat' dir='ltr'><strong>exteriore</strong></span> <span class='ocrx_word' id='word_1_310' title='bbox 1429 3235 1490 3283; x_wconf 93' lang='lat' dir='ltr'><strong>et</strong></span> <span class='ocrx_word' id='word_1_311' title='bbox 1536 3227 1839 3284; x_wconf 82' lang='lat' dir='ltr'><strong>interiore·</strong></span> <span class='ocrx_word' id='word_1_312' title='bbox 1927 3223 2263 3294; x_wconf 88' lang='lat' dir='ltr'><strong>Dubitatur‚</strong></span> <span class='ocrx_word' id='word_1_313' title='bbox 2308 3234 2511 3284; x_wconf 85' lang='lat' dir='ltr'><strong>utrum</strong></span> 
     </span>
     <span class='ocr_line' id='line_1_36' title="bbox 280 3305 2514 3392; baseline -0 -20"><span class='ocrx_word' id='word_1_314' title='bbox 280 3307 535 3373; x_wconf 46' lang='lat' dir='ltr'><strong>haubi-¹</strong></span> <span class='ocrx_word' id='word_1_315' title='bbox 601 3315 837 3372; x_wconf 57' lang='grc' dir='ltr'>πεῆειπ</span> <span class='ocrx_word' id='word_1_316' title='bbox 884 3311 1140 3392; x_wconf 75' lang='lat' dir='ltr'><strong>piscina</strong></span> <span class='ocrx_word' id='word_1_317' title='bbox 1182 3321 1349 3369; x_wconf 75' lang='lat' dir='ltr'><strong>vetus</strong></span> <span class='ocrx_word' id='word_1_318' title='bbox 1402 3312 1482 3368; x_wconf 88' lang='lat' dir='ltr'><strong>sit</strong></span> <span class='ocrx_word' id='word_1_319' title='bbox 1522 3309 1759 3384; x_wconf 88' lang='lat' dir='ltr'><strong>eadem,</strong></span> <span class='ocrx_word' id='word_1_320' title='bbox 1814 3325 1960 3389; x_wconf 85' lang='lat' dir='ltr'><strong>quae</strong></span> <span class='ocrx_word' id='word_1_321' title='bbox 2001 3320 2175 3367; x_wconf 86' lang='lat' dir='ltr'><strong>autea</strong></span> <span class='ocrx_word' id='word_1_322' title='bbox 2221 3307 2359 3384; x_wconf 86' lang='lat' dir='ltr'><strong>(Vs.</strong></span> <span class='ocrx_word' id='word_1_323' title='bbox 2401 3305 2514 3386; x_wconf 87' lang='grc'><strong>9.)</strong></span> 
     </span>
    </p>
   </div>
   <div class='ocr_carea' id='block_1_7' title="bbox 511 3461 870 3487">
    <p class='ocr_par' dir='ltr' id='par_1_9' title="bbox 511 3461 870 3487">
     <span class='ocr_line' id='line_1_37' title="bbox 511 3461 870 3487; baseline -0.003 -10"><span class='ocrx_word' id='word_1_324' title='bbox 511 3461 870 3487; x_wconf 55' lang='lat'><strong>------</strong></span> 
     </span>
    </p>
   </div>
   <div class='ocr_carea' id='block_1_8' title="bbox 278 3543 2519 4411">
    <p class='ocr_par' dir='ltr' id='par_1_10' title="bbox 278 3543 2519 4411">
     <span class='ocr_line' id='line_1_38' title="bbox 278 3543 2514 3643; baseline -0 -20"><span class='ocrx_word' id='word_1_325' title='bbox 278 3575 546 3624; x_wconf 79' lang='lat' dir='ltr'><strong>vocatur.</strong></span> <span class='ocrx_word' id='word_1_326' title='bbox 603 3562 906 3625; x_wconf 85' lang='lat' dir='ltr'><strong>Posterius</strong></span> <span class='ocrx_word' id='word_1_327' title='bbox 937 3568 1178 3626; x_wconf 87' lang='lat' dir='ltr'><strong>omnino</strong></span> <span class='ocrx_word' id='word_1_328' title='bbox 1213 3576 1304 3624; x_wconf 88' lang='lat' dir='ltr'><strong>est</strong></span> <span class='ocrx_word' id='word_1_329' title='bbox 1335 3565 1715 3643; x_wconf 84' lang='lat' dir='ltr'><strong>probabilius,</strong></span> <span class='ocrx_word' id='word_1_330' title='bbox 1754 3583 1873 3623; x_wconf 90' lang='lat' dir='ltr'><strong>nou</strong></span> <span class='ocrx_word' id='word_1_331' title='bbox 1905 3543 2133 3623; x_wconf 56' lang='lat' dir='ltr'><strong>tantuin</strong></span> <span class='ocrx_word' id='word_1_332' title='bbox 2158 3546 2314 3630; x_wconf 75' lang='lat' dir='ltr'><strong>ideo,</strong></span> <span class='ocrx_word' id='word_1_333' title='bbox 2347 3564 2514 3640; x_wconf 84' lang='lat' dir='ltr'><strong>quia,</strong></span> 
     </span>
     <span class='ocr_line' id='line_1_39' title="bbox 281 3647 2514 3731; baseline 0 -26"><span class='ocrx_word' id='word_1_334' title='bbox 281 3647 334 3705; x_wconf 89' lang='lat' dir='ltr'><strong>si</strong></span> <span class='ocrx_word' id='word_1_335' title='bbox 377 3648 658 3727; x_wconf 87' lang='lat' dir='ltr'><strong>propbeta</strong></span> <span class='ocrx_word' id='word_1_336' title='bbox 698 3648 796 3709; x_wconf 88' lang='lat' dir='ltr'><strong>hie</strong></span> <span class='ocrx_word' id='word_1_337' title='bbox 840 3651 912 3709; x_wconf 93' lang='lat' dir='ltr'><strong>de</strong></span> <span class='ocrx_word' id='word_1_338' title='bbox 956 3651 1154 3711; x_wconf 85' lang='lat' dir='ltr'><strong>eadem</strong></span> <span class='ocrx_word' id='word_1_339' title='bbox 1194 3653 1539 3731; x_wconf 80' lang='lat' dir='ltr'><strong>loqueretur</strong></span> <span class='ocrx_word' id='word_1_340' title='bbox 1583 3653 1844 3725; x_wconf 81' lang='lat' dir='ltr'><strong>piscina,</strong></span> <span class='ocrx_word' id='word_1_341' title='bbox 1911 3668 2033 3708; x_wconf 90' lang='lat' dir='ltr'><strong>nou</strong></span> <span class='ocrx_word' id='word_1_342' title='bbox 2082 3649 2354 3708; x_wconf 85' lang='lat' dir='ltr'><strong>credibile</strong></span> <span class='ocrx_word' id='word_1_343' title='bbox 2397 3660 2514 3721; x_wconf 82' lang='lat' dir='ltr'><strong>est,</strong></span> 
     </span>
     <span class='ocr_line' id='line_1_40' title="bbox 282 3733 2517 3815; baseline 0.001 -24"><span class='ocrx_word' id='word_1_344' title='bbox 282 3736 517 3793; x_wconf 88' lang='lat' dir='ltr'><strong>nomine</strong></span> <span class='ocrx_word' id='word_1_345' title='bbox 545 3735 777 3802; x_wconf 81' lang='lat' dir='ltr'><strong>diverso</strong></span> <span class='ocrx_word' id='word_1_346' title='bbox 807 3753 933 3794; x_wconf 89' lang='lat' dir='ltr'><strong>eam</strong></span> <span class='ocrx_word' id='word_1_347' title='bbox 960 3738 1301 3815; x_wconf 80' lang='lat' dir='ltr'><strong>appellasse,</strong></span> <span class='ocrx_word' id='word_1_348' title='bbox 1335 3753 1541 3795; x_wconf 75' lang='lat' dir='ltr'><strong>verum</strong></span> <span class='ocrx_word' id='word_1_349' title='bbox 1570 3747 1632 3794; x_wconf 89' lang='lat' dir='ltr'><strong>et</strong></span> <span class='ocrx_word' id='word_1_350' title='bbox 1660 3734 1816 3813; x_wconf 84' lang='lat' dir='ltr'><strong>quod</strong></span> <span class='ocrx_word' id='word_1_351' title='bbox 1846 3736 1998 3794; x_wconf 89' lang='lat' dir='ltr'><strong>ratio</strong></span> <span class='ocrx_word' id='word_1_352' title='bbox 2025 3734 2333 3793; x_wconf 86' lang='lat' dir='ltr'><strong>manifesta</strong></span> <span class='ocrx_word' id='word_1_353' title='bbox 2361 3733 2517 3794; x_wconf 84' lang='lat' dir='ltr'><strong>illud</strong></span> 
     </span>
     <span class='ocr_line' id='line_1_41' title="bbox 279 3819 2515 3897; baseline -0.001 -21"><span class='ocrx_word' id='word_1_354' title='bbox 279 3821 560 3895; x_wconf 82' lang='lat' dir='ltr'><strong>postulat.</strong></span> <span class='ocrx_word' id='word_1_355' title='bbox 647 3820 841 3887; x_wconf 80' lang='lat' dir='ltr'><strong>Quum</strong></span> <span class='ocrx_word' id='word_1_356' title='bbox 879 3821 1038 3879; x_wconf 83' lang='lat' dir='ltr'><strong>euim</strong></span> <span class='ocrx_word' id='word_1_357' title='bbox 1071 3829 1239 3888; x_wconf 84' lang='lat' dir='ltr'><strong>extra</strong></span> <span class='ocrx_word' id='word_1_358' title='bbox 1279 3821 1480 3880; x_wconf 87' lang='lat' dir='ltr'><strong>urbem</strong></span> <span class='ocrx_word' id='word_1_359' title='bbox 1516 3820 1663 3880; x_wconf 90' lang='lat' dir='ltr'><strong>duae</strong></span> <span class='ocrx_word' id='word_1_360' title='bbox 1693 3821 1916 3880; x_wconf 78' lang='lat' dir='ltr'><strong>fuerint</strong></span> <span class='ocrx_word' id='word_1_361' title='bbox 1945 3819 2202 3897; x_wconf 86' lang='lat' dir='ltr'><strong>piscinae</strong></span> <span class='ocrx_word' id='word_1_362' title='bbox 2236 3822 2515 3895; x_wconf 81' lang='lat' dir='ltr'><strong>majores,</strong></span> 
     </span>
     <span class='ocr_line' id='line_1_42' title="bbox 282 3903 2517 3992; baseline -0.001 -31"><span class='ocrx_word' id='word_1_363' title='bbox 282 3922 431 3981; x_wconf 84' lang='lat' dir='ltr'><strong>quae</strong></span> <span class='ocrx_word' id='word_1_364' title='bbox 459 3904 724 3963; x_wconf 85' lang='lat' dir='ltr'><strong>hostibus</strong></span> <span class='ocrx_word' id='word_1_365' title='bbox 744 3907 877 3963; x_wconf 88' lang='lat' dir='ltr'><strong>usui</strong></span> <span class='ocrx_word' id='word_1_366' title='bbox 898 3922 1024 3963; x_wconf 85' lang='lat' dir='ltr'><strong>esse</strong></span> <span class='ocrx_word' id='word_1_367' title='bbox 1052 3915 1312 3984; x_wconf 87' lang='lat' dir='ltr'><strong>possent,</strong></span> <span class='ocrx_word' id='word_1_368' title='bbox 1329 3924 1589 3992; x_wconf 88' lang='lat' dir='ltr'><strong>quasque</strong></span> <span class='ocrx_word' id='word_1_369' title='bbox 1617 3905 1958 3983; x_wconf 89' lang='lat' dir='ltr'><strong>prudentiae</strong></span> <span class='ocrx_word' id='word_1_370' title='bbox 1987 3913 2115 3962; x_wconf 88' lang='lat' dir='ltr'><strong>erat</strong></span> <span class='ocrx_word' id='word_1_371' title='bbox 2142 3903 2517 3978; x_wconf 82' lang='lat' dir='ltr'><strong>intercipere,</strong></span> 
     </span>
     <span class='ocr_line' id='line_1_43' title="bbox 284 3989 2516 4068; baseline -0 -22"><span class='ocrx_word' id='word_1_372' title='bbox 284 4006 358 4046; x_wconf 91' lang='lat' dir='ltr'><strong>ne</strong></span> <span class='ocrx_word' id='word_1_373' title='bbox 403 3989 468 4049; x_wconf 87' lang='lat' dir='ltr'><strong>in</strong></span> <span class='ocrx_word' id='word_1_374' title='bbox 510 4006 713 4064; x_wconf 87' lang='lat' dir='ltr'><strong>eorum</strong></span> <span class='ocrx_word' id='word_1_375' title='bbox 752 3992 1021 4049; x_wconf 83' lang='lat' dir='ltr'><strong>venirent</strong></span> <span class='ocrx_word' id='word_1_376' title='bbox 1066 4001 1447 4067; x_wconf 82' lang='lat' dir='ltr'><strong>potestatem3</strong></span> <span class='ocrx_word' id='word_1_377' title='bbox 1498 3991 1643 4050; x_wconf 90' lang='lat' dir='ltr'><strong>ordo</strong></span> <span class='ocrx_word' id='word_1_378' title='bbox 1674 3990 2035 4056; x_wconf 67' lang='lat' dir='ltr'><strong>manationis</strong></span> <span class='ocrx_word' id='word_1_379' title='bbox 2069 3989 2373 4068; x_wconf 80' lang='lat' dir='ltr'><strong>exigebat,</strong></span> <span class='ocrx_word' id='word_1_380' title='bbox 2423 4000 2516 4062; x_wconf 86' lang='lat' dir='ltr'><strong>ut,</strong></span> 
     </span>
     <span class='ocr_line' id='line_1_44' title="bbox 285 4059 2515 4154; baseline 0 -23"><span class='ocrx_word' id='word_1_381' title='bbox 285 4084 591 4151; x_wconf 87' lang='lat' dir='ltr'><strong>postquam</strong></span> <span class='ocrx_word' id='word_1_382' title='bbox 638 4071 886 4133; x_wconf 84' lang='lat' dir='ltr'><strong>dixisset</strong></span> <span class='ocrx_word' id='word_1_383' title='bbox 927 4076 1249 4154; x_wconf 87' lang='lat' dir='ltr'><strong>propheta,</strong></span> <span class='ocrx_word' id='word_1_384' title='bbox 1311 4076 1601 4153; x_wconf 87' lang='lat' dir='ltr'><strong>quomodo</strong></span> <span class='ocrx_word' id='word_1_385' title='bbox 1655 4059 1812 4133; x_wconf 78' lang='lat' dir='ltr'><strong>cives</strong></span> <span class='ocrx_word' id='word_1_386' title='bbox 1858 4076 2297 4132; x_wconf 79' lang='lat' dir='ltr'><strong>interverterint</strong></span> <span class='ocrx_word' id='word_1_387' title='bbox 2338 4090 2515 4131; x_wconf 83' lang='lat' dir='ltr'><strong>usum</strong></span> 
     </span>
     <span class='ocr_line' id='line_1_45' title="bbox 289 4156 2519 4239; baseline -0.001 -23"><span class='ocrx_word' id='word_1_388' title='bbox 289 4159 553 4236; x_wconf 82' lang='lat' dir='ltr'><strong>piscinae</strong></span> <span class='ocrx_word' id='word_1_389' title='bbox 584 4156 932 4232; x_wconf 71' lang='lat' dir='ltr'><strong>inferioris,</strong></span> <span class='ocrx_word' id='word_1_390' title='bbox 971 4172 1233 4220; x_wconf 88' lang='lat' dir='ltr'><strong>moueret</strong></span> <span class='ocrx_word' id='word_1_391' title='bbox 1263 4162 1465 4233; x_wconf 85' lang='lat' dir='ltr'><strong>etiam,</strong></span> <span class='ocrx_word' id='word_1_392' title='bbox 1504 4158 1795 4239; x_wconf 83' lang='lat' dir='ltr'><strong>quomodo</strong></span> <span class='ocrx_word' id='word_1_393' title='bbox 1828 4160 2094 4218; x_wconf 86' lang='lat' dir='ltr'><strong>curarint</strong></span> <span class='ocrx_word' id='word_1_394' title='bbox 2120 4157 2519 4236; x_wconf 67' lang='lat' dir='ltr'><strong>superiorem,</strong></span> 
     </span>
     <span class='ocr_line' id='line_1_46' title="bbox 289 4242 2519 4323; baseline -0 -23"><span class='ocrx_word' id='word_1_395' title='bbox 289 4244 417 4301; x_wconf 84' lang='lat' dir='ltr'><strong>sive</strong></span> <span class='ocrx_word' id='word_1_396' title='bbox 461 4242 716 4323; x_wconf 66' lang='lat' dir='ltr'><strong>regiam.</strong></span> <span class='ocrx_word' id='word_1_397' title='bbox 803 4242 1073 4305; x_wconf 85' lang='lat' dir='ltr'><strong>Ceterum</strong></span> <span class='ocrx_word' id='word_1_398' title='bbox 1116 4244 1215 4304; x_wconf 83' lang='lat' dir='ltr'><strong>hic</strong></span> <span class='ocrx_word' id='word_1_399' title='bbox 1247 4247 1414 4304; x_wconf 87' lang='lat' dir='ltr'><strong>loeus</strong></span> <span class='ocrx_word' id='word_1_400' title='bbox 1453 4248 1700 4305; x_wconf 86' lang='lat' dir='ltr'><strong>multum</strong></span> <span class='ocrx_word' id='word_1_401' title='bbox 1728 4246 1875 4303; x_wconf 92' lang='lat' dir='ltr'><strong>lucis</strong></span> <span class='ocrx_word' id='word_1_402' title='bbox 1909 4244 2065 4320; x_wconf 87' lang='lat' dir='ltr'><strong>capit</strong></span> <span class='ocrx_word' id='word_1_403' title='bbox 2109 4262 2142 4299; x_wconf 94' lang='lat' dir='ltr'><strong>e</strong></span> <span class='ocrx_word' id='word_1_404' title='bbox 2173 4243 2519 4300; x_wconf 80' lang='lat' dir='ltr'><strong>narratione</strong></span> 
     </span>
     <span class='ocr_line' id='line_1_47' title="bbox 290 4317 2518 4411; baseline 0 -26"><span class='ocrx_word' id='word_1_405' title='bbox 290 4328 333 4386; x_wconf 87' lang='grc'><strong>2</strong></span> <span class='ocrx_word' id='word_1_406' title='bbox 351 4324 573 4387; x_wconf 78' lang='lat' dir='ltr'><strong>Chron-</strong></span> <span class='ocrx_word' id='word_1_407' title='bbox 603 4328 711 4403; x_wconf 79' lang='lat'><strong>³2,</strong></span> <span class='ocrx_word' id='word_1_408' title='bbox 742 4328 805 4389; x_wconf 86' lang='grc'><strong>2.</strong></span> <span class='ocrx_word' id='word_1_409' title='bbox 836 4348 964 4410; x_wconf 77' lang='lat' dir='ltr'><strong>sqq.</strong></span> <span class='ocrx_word' id='word_1_410' title='bbox 965 4375 988 4409; x_wconf 92' lang='lat'><strong>,</strong></span> <span class='ocrx_word' id='word_1_411' title='bbox 1030 4350 1202 4411; x_wconf 77' lang='lat' dir='ltr'><strong>quam</strong></span> <span class='ocrx_word' id='word_1_412' title='bbox 1234 4329 1333 4389; x_wconf 86' lang='lat' dir='ltr'><strong>bie</strong></span> <span class='ocrx_word' id='word_1_413' title='bbox 1361 4330 1685 4391; x_wconf 81' lang='lat' dir='ltr'><strong>adscribere</strong></span> <span class='ocrx_word' id='word_1_414' title='bbox 1714 4317 1956 4411; x_wconf 77' lang='lat' dir='ltr'><strong>longum</strong></span> <span class='ocrx_word' id='word_1_415' title='bbox 1982 4327 2157 4387; x_wconf 72' lang='lat' dir='ltr'><strong>foret.</strong></span> <span class='ocrx_word' id='word_1_416' title='bbox 2229 4323 2298 4385; x_wconf 86' lang='lat' dir='ltr'><strong>lu</strong></span> <span class='ocrx_word' id='word_1_417' title='bbox 2328 4327 2518 4386; x_wconf 82' lang='lat' dir='ltr'><strong>altero</strong></span> 
     </span>
    </p>
   </div>
  </div>
 </body>
</html>
