2740 4864
1373 796 1532 876 XV.
1589 800 1594 805 “

1026 957 1218 1022 csr.
1266 954 1872 1021 xxlv-xxvn,

864 1266 2040 1403 Arg-uguentum.

338 1448 422 1549 Ρ
423 1508 490 1551 er
530 1486 787 1569 quatuor
826 1444 1037 1568 Capita
1075 1490 1264 1550 24-
1282 1489 1392 1549 27.
1436 1508 1668 1549 carmen
1718 1488 1979 1549 decurrit
2022 1487 2401 1563 continuum,
2458 1507 2578 1567 quo

338 1588 550 1666 ingens
593 1580 874 1661 quaedam
923 1582 1082 1643 orbis
1131 1593 1421 1643 terrarum
1472 1582 1779 1643 conversio
1826 1581 2215 1657 describitur,
2271 1600 2420 1660 quae
2462 1585 2579 1641 ali-

335 1667 573 1752 quando
614 1687 720 1747 pro
767 1668 984 1748 populo
1014 1666 1284 1729 Hebraeo
1327 1669 1595 1749 glorioso
1634 1678 1694 1727 et
1732 1677 2073 1727 constanter
2117 1666 2430 1726 asserendo
2477 1668 2577 1728 fu-

340 1766 476 1814 tura
519 1754 619 1813 sit.
702 1751 840 1815 Nou
883 1752 961 1813 ad
1002 1753 1189 1813 solam
1232 1764 1451 1812 terram
1489 1751 1789 1814 Iudaicam
1825 1755 2119 1832 pertinere
2160 1769 2311 1820 eam,
2357 1752 2427 1811 de
2459 1771 2579 1832 qua

338 1841 564 1922 agitur,
598 1839 1059 1911 conversionem,
1105 1838 1410 1916 colligitur
1441 1857 1473 1896 e
1503 1837 1684 1901 Versu
1714 1837 1821 1897 21.
1853 1835 2081 1916 Capitis
2108 1838 2212 1897 24.
2255 1838 2355 1895 ubi
2399 1855 2580 1916 reges

337 1933 582 1998 terrae,
636 1934 700 1984 et
740 1923 817 1981 iis
859 1924 1162 2003 oppositae
1206 1924 1418 2004 copiae
1462 1922 1726 1982 locorum
1774 1920 2257 1997 celsissimorum,
2311 1924 2377 1981 in
2422 1941 2577 2005 quos

338 2011 647 2070 universos
671 2007 818 2069 Jove
846 2010 1113 2091 graviter
1141 2010 1223 2067 ait
1252 2008 1785 2083 animadversurus,
1810 2014 2359 2068 commemorantur.
2416 2010 2576 2069 Sunt

340 2105 643 2173 praetcrea
683 2095 959 2173 pleraque
1002 2112 1150 2173 quae
1191 2088 1302 2151 h'oc
1342 2111 1577 2152 carmen
1618 2095 2020 2170 praenuntiat,
2061 2096 2250 2151 multo
2292 2095 2580 2173 graviora

338 2189 403 2239 et
442 2183 693 2257 majora,
732 2197 905 2258 quam
941 2188 1015 2237 ut
1053 2180 1169 2238 soli
1210 2187 1405 2237 terrae
1445 2178 1726 2238 Judaicae
1768 2179 2053 2259 applicari
2091 2191 2331 2256 queant.
2420 2177 2579 2239 Ver-

340 2275 504 2324 satus
546 2277 743 2324 autem
789 2273 882 2324 est
921 2277 1086 2326 vates
1139 2265 1206 2323 in
1259 2261 1370 2321 hac
1423 2263 1729 2343 prophetia
1784 2266 1911 2339 ita,
1967 2272 2038 2322 ut
2089 2264 2578 2346 gravissimarum

335 2350 734 2410 calamitatum
793 2348 1286 2425 descriptionibus
1349 2349 1596 2408 alternis
1652 2349 1885 2408 vicibus
1948 2348 2263 2424 subjiceret
2323 2348 2577 2427 hymnos

335 2456 372 2495 a
413 2436 525 2514 piis
569 2437 884 2511 canendos,
929 2436 1141 2516 quibua
1185 2434 1390 2494 divina
1435 2430 1700 2515 potentia
1741 2446 1803 2494 et
1843 2435 2178 2516 benignitas
2222 2436 2578 2514 celebratur,

336 2522 457 2585 vid.
504 2523 613 2598 24,
647 2525 749 2581 16.
792 2525 900 2597 25,
931 2523 988 2584 l.
1026 2539 1153 2598 sqq.
1200 2518 1309 2595 26,
1348 2519 1401 2583 Ι.
1431 2539 1558 2599 sqq.
1616 2522 1721 2596 27,
1754 2523 1814 2580 2.
1845 2539 1975 2600 sqq.
2609 2579 2616 2583 .

508 2605 875 2690 Inutempore
905 2605 1337 2676 constituendo,
1380 2608 1535 2687 quod
1565 2603 1678 2664 hoc
1706 2625 1939 2665 carmen
1972 2605 2272 2684 respiciat,
2316 2624 2572 2688 magnus

336 2704 427 2756 est
464 2694 847 2772 interpretum
885 2690 1208 2750 dissensus.
1291 2691 1577 2753 Gaorms
1623 2691 1853 2769 quidem
1895 2692 2114 2769 partim
2160 2690 2236 2751 ad
2276 2696 2575 2760 vastatio-

220 2799 233 2808 ’
338 2798 469 2840 nem
514 2797 616 2855 per
646 2776 1145 2837 Salmanassarem
1184 2794 1372 2854 regno
1404 2777 1729 2835 israelitico
1767 2778 2013 2849 illatam,
2053 2778 2265 2854 partim
2307 2778 2383 2837 ad
2415 2779 2576 2838 San·

336 2861 528 2923 het-ibi
572 2865 636 2923 in
680 2861 956 2922 Iudaeam
1000 2861 1216 2920 factam
1256 2864 1620 2923 invasionem
1665 2863 1958 2937 pertinere
1996 2863 2316 2920 existimat.
2404 2864 2574 2933 Quae

336 2959 397 3007 et
442 2948 509 3008 S.
545 2946 613 3006 V.
653 2945 844 3008 ΡΔυιι
886 2955 979 3006 est
1027 2947 1320 3005 sententia
1363 2950 1430 3008 in
1477 2946 1651 3005 Clavi
1703 2968 1762 3025 p.
1797 2947 1939 3007 170.
2024 2945 2367 3007 ΗεΝειειιο
2414 2948 2573 3009 San-

333 3031 527 3093 heribi
569 3032 632 3092 in
662 3030 944 3094 Judaeum
982 3033 1266 3104 incursio,
1312 3035 1633 3112 ultimaque
1662 3033 1769 3091 sub
1796 3031 2014 3093 Hiskia
2055 3043 2318 3107 tempora
2358 3045 2572 3110 pacata

338 3129 400 3177 et
453 3116 650 3176 felicia
695 3117 1008 3197 prophetae
1060 3120 1258 3177 animo
1314 3118 1623 3178 obversata
1664 3115 1960 3179 videntur.
2046 3118 2167 3187 Qui
2212 3118 2570 3197 interpretes

334 3222 372 3263 a
404 3214 536 3263 vate
570 3205 956 3277 calamitates,
1002 3221 1145 3284 quas
1186 3222 1381 3263 coram
1424 3213 1735 3280 spectaret,
1775 3204 2028 3262 describi
2066 3211 2360 3261 statuunt.
2443 3202 2568 3264 Sed
2605 3265 2610 3274 ,

334 3287 817 3370 quemadmodum
856 3288 1065 3369 hymni
1109 3308 1148 3348 a
1187 3291 1301 3366 piis
1349 3286 1641 3366 quondam
1681 3289 1962 3348 cantandi
2004 3288 2152 3347 locis
2182 3287 2458 3347 indicatis
2489 3289 2565 3347 ad

332 3374 599 3434 futurum
648 3374 888 3453 aliquod
939 3386 1165 3452 tempus
1215 3378 1545 3453 pertinent,
1618 3375 1704 3432 ita
1759 3384 1821 3432 et
1873 3377 2030 3434 mala
2083 3390 2232 3451 quae
2282 3373 2567 3433 describit

329 3458 531 3519 futura
566 3469 845 3538 tanquam
876 3461 1209 3540 praesentia
1244 3458 1544 3537 prospicit.
1607 3457 1696 3523 Cf.
1728 3470 1854 3519 not.
1884 3460 1961 3519 ad
1990 3459 2096 3533 24,
2126 3460 2187 3516 3.
2247 3457 2568 3518 Vns-amca

334 3556 595 3624 tempora
635 3548 955 3606 remotiora
983 3544 1462 3605 Maccahaeorum
1487 3546 1700 3623 respici
1730 3555 1923 3622 putat,
1967 3543 2373 3605 afflictationes
2399 3542 2567 3604 vide-

328 3631 508 3703 licet,
549 3630 759 3709 quibus
802 3628 1126 3690 Antiochus
1166 3628 1504 3705 Epiphanes
1542 3628 1796 3689 Judaeos
1829 3629 2152 3705 afficiebat,
2201 3630 2376 3688 simul
2422 3648 2563 3688 vero

329 3716 506 3773 etiam
545 3715 946 3776 liberationem
984 3726 1046 3774 et
1090 3710 1549 3774 vindicationem
1589 3733 1627 3773 a
1660 3717 1852 3775 saevis
1895 3716 2020 3774 illis
2056 3713 2563 3790 persecutionibus

328 3817 437 3878 per
479 3797 895 3875 Maccabaeos,
956 3809 1134 3876 atque
1183 3801 1678 3860 instaurationem
1729 3818 2031 3860 sacrorum
2089 3810 2151 3858 et
2205 3796 2564 3877 reipublicae

326 3881 722 3959 sudaeomm,
781 3889 1123 3963 praesertim
1176 3883 1430 3944 feliciori
1482 3895 1742 3963 tempore
1787 3886 2050 3947 Simonis
2091 3882 2460 3944 Ethnarchae
2503 3894 2563 3944 et

325 3967 574 4031 Ioannis
587 3969 877 4050 Hyrcani,
905 3969 1017 4029 hac
1042 3971 1295 4030 maxime
1319 3971 1555 4030 ratione
1578 3982 1893 4048 permotus,
1919 3970 2079 4049 quod
2102 3969 2240 4029 inde
2268 3987 2306 4030 a
2336 3967 2435 4029 Vs.
2460 3971 2559 4027 16.

327 4052 475 4132 Cap.
506 4057 616 4113 24.
664 4058 1098 4133 persecutiones
1152 4057 1227 4116 ob
1276 4055 1627 4135 religionem
1679 4067 2249 4126 commemorantur,
2313 4065 2561 4134 propter

324 4157 470 4219 quas
508 4141 687 4200 multi
723 4157 788 4199 se
828 4140 1131 4214 abderent,
1173 4140 1347 4200 multi
1385 4141 1676 4217 supplicio
1710 4140 2098 4203 afficerentur.
2183 4136 2408 4199 Verum
2445 4142 2562 4199 etsi

320 4226 629 4298 nonnulla,
667 4243 818 4304 quae
847 4224 961 4286 hoc
990 4226 1280 4287 vaticinio
1309 4224 1752 4303 praedicuntur,
1779 4226 2164 4288 Maccabaieis
2194 4224 2559 4305 temporibus

314 4310 749 4374 accommodari
786 4313 1038 4391 possint,
1081 4320 1224 4372 sunt
1263 4319 1459 4371 tamen
1500 4311 1676 4389 plura
1703 4311 1845 4388 alia,
1882 4330 2034 4392 quas
2072 4314 2151 4372 iis
2191 4328 2594 4389 nequaquam·

316 4395 693 4460 eonveniunt.
781 4394 1032 4460 Mediam
1087 4395 1257 4477 quasi
1299 4396 1459 4457 viam
1501 4394 1952 4479 ingrediuntur,
2010 4398 2114 4476 qui
2157 4395 2557 4458 vastationem
