2740 4864
278 237 437 314 372
921 230 1289 332 Jesojaa.
1407 238 1858 334 Cup-24,i.
1982 210 1987 217 .

286 428 502 501 habet,
554 425 633 484 de
674 423 1022 502 Babylonici
1057 424 1231 504 regni
1273 423 1524 483 interitu
1565 426 1879 485 vaticinati
1919 434 2063 484 sunt
2102 428 2345 487 nomine
2390 430 2520 506 ejus

210 570 217 578 ,
286 507 619 596 appellato?
704 506 888 568 Porro
928 519 1162 587 praeter
1203 512 1681 586 paronomasias,
1735 509 1808 569 de
1845 511 2056 589 quibus
2099 512 2377 587 diximus,
2422 534 2522 574 se-

287 601 464 659 rioris
512 595 702 670 Jesaja
748 592 973 653 aetatis
1012 605 1186 653 notas
1232 595 1518 654 Gesenius
1569 594 1746 654 affert
1801 608 1865 654 et
1917 599 2237 656 nonnullos
2283 599 2522 659 dicendi

293 685 538 754 modos,
599 681 701 758 qui
742 680 1086 757 quidemsct
1141 682 1205 737 in
1259 680 1692 757 antiquioribus
1735 681 1969 739 vatibus
2011 682 2522 759 deprehenduntur

289 769 378 850 (v.
408 788 460 827 c.
501 769 607 841 24,
640 768 694 825 6.
730 768 789 823 7.
822 766 924 827 ll.
966 766 1099 823 coll.
1130 763 1285 849 {ask
1324 767 1383 836 l,
1416 764 1477 822 5.
1514 765 1615 826 10.
1651 769 1752 826 12.
1788 768 1962 840 ΠΜ,
2006 769 2105 825 sed
2152 787 2297 843 quos
2339 770 2408 826 V.
2441 766 2522 828 D.

288 872 329 915 a
368 854 589 916 Nostro
643 851 718 910 ad
774 858 975 909 eorum
1018 850 1430 921 ,imitationem
1485 870 1796 929 expressos
1852 871 1977 911 esse
2016 851 2264 928 judicat.
2354 855 2524 924 Quae
2571 872 2576 883 ⁵

289 948 488 999 tamen
546 947 637 997 est
692 935 1000 995 admodum
1047 935 1279 994 incerta
1330 943 1395 993 et
1448 934 1677 997 lubrica
1711 937 2077 1012 conjectura.
2161 938 2289 998 Nec
2330 940 2523 1018 magis

290 1028 569 1085 seriorem
609 1021 803 1095 Jesnja
853 1029 1103 1079 aetatem
1156 1018 1300 1077 mihi
1353 1021 1603 1095 probare
1654 1022 1931 1081 videntur
1984 1010 2177 1081 celtae
2231 1024 2522 1100 quaedam

288 1111 567 1171 notiones
598 1104 982 1187 theologicae,
1022 1122 1166 1184 quas
1197 1103 1484 1164 Gesenius
1515 1105 1784 1183 Jesajana
1813 1118 2008 1165 aetate
2039 1112 2190 1167 inter
2220 1107 2526 1167 Hebraeos

291 1198 593 1255 exstitisse
648 1200 870 1269 negat,
931 1190 1298 1269 potissimum
1349 1195 1798 1251 resurrectionis
1847 1200 2218 1252 mortuorum
2272 1196 2377 1266 26,
2418 1194 2524 1251 14.

297 1283 398 1340 19.
431 1281 569 1349 2⁰„
618 1278 783 1351 cujus
822 1274 1124 1336 doctrinae
1163 1276 1421 1355 vestigia
1462 1277 1619 1351 apud
1654 1277 2019 1337 Ezechielem
2061 1274 2288 1337 denium
2328 1280 2435 1353 37,
2464 1277 2525 1339 5.

291 1383 457 1442 seqq.
500 1362 785 1421 Gesenius
828 1359 1176 1440 deprehendi
1221 1364 1323 1419 ait.
1368 1382 1372 1389 ·
1411 1360 1530 1420 Sed
1575 1364 1844 1439 quisnam
1887 1361 2283 1423 demonstrare
2325 1374 2525 1440 queat,

223 1470 233 1481 ·
291 1450 518 1527 Jesajae
552 1456 744 1504 aetate
783 1449 945 1506 illam
975 1446 1305 1505 doctrinam
1346 1448 1506 1505 inter
1536 1445 1835 1507 Hebraeos
1863 1447 2118 1507 nondum
2155 1467 2281 1507 esse
2315 1451 2524 1528 cogni-

294 1532 460 1594 tam?
544 1530 754 1591 Nonne
796 1535 991 1609 potius
1035 1549 1112 1589 ex
1151 1541 1362 1589 nostro
1407 1534 1700 1606 carmine,
1758 1551 1934 1609 quum
1975 1535 2032 1591 ei
2070 1543 2327 1591 ceterum
2372 1531 2526 1592 nihil

293 1620 464 1690 insit,
504 1616 659 1694 quod
684 1614 957 1693 Jesajano
990 1635 1134 1675 aevo
1164 1629 1479 1697 repugnet,
1509 1616 1902 1695 Assyriorum
1930 1637 2070 1676 vero
2099 1627 2158 1676 et
2187 1616 2528 1696 Aegyptio-

298 1724 431 1764 rum
457 1700 738 1762 Hebraeis
757 1701 1121 1761 infensorum
1139 1700 1297 1760 facta
1320 1704 1543 1761 mentio
1572 1705 1664 1761 illi
1692 1703 2028 1776 conveniat,
2055 1703 2334 1782 colligere
2359 1703 2528 1781 licet,

295 1790 598 1851 Hebraeos
635 1789 754 1861 jam
799 1797 923 1845 tum
959 1796 1327 1846 mortuorum
1367 1789 1871 1847 resuscitationem
1910 1783 2319 1867 exspectasse?
2377 1844 2390 1861 ,

468 1873 695 1933 Korma
755 1871 945 1950 Caput
994 1872 1101 1932 24.
1163 1874 1520 1932 carminibus
1578 1871 1804 1931 duobus
1856 1887 2134 1931 constare
2189 1873 2528 1945 existimat,

297 1978 546 2041 quorum
579 1958 846 2038 primum
883 1958 1023 2018 inde
1066 1975 1104 2015 a
1129 1952 1322 2016 Versu
1362 1959 1552 2036 primo
1591 1975 1775 2034 usque
1807 1957 1882 2016 ad
1921 1961 2189 2034 quintum
2220 1958 2530 2034 decimum,

299 2048 557 2107 alterum
611 2061 649 2100 a
687 2039 792 2102 Vs.
843 2053 1013 2102 sexto
1062 2043 1284 2101 decimo
1337 2062 1525 2120 usque
1581 2043 1656 2101 ad
1712 2041 1886 2101 finem
1940 2045 2246 2120 pertineat.
2331 2044 2414 2102 Et
2463 2046 2532 2102 in

301 2131 562 2190 carmine
606 2127 840 2207 quidem
879 2129 1067 2206 priori
1109 2128 1348 2208 depingi
1389 2128 1936 2206 Hierosolymorum
1983 2127 2277 2186 excidium
2317 2128 2531 2188 Palae·

300 2220 601 2291 stinaeque
641 2216 1071 2288 vastationem,
1122 2210 1324 2271 addita
1368 2215 1752 2292 promissione
1809 2224 2130 2288 temporum
2172 2213 2529 2289 feliciorum,

303 2321 452 2382 quae
497 2300 763 2377 reliquiis
806 2301 1001 2380 gentis
1039 2297 1352 2374 Judaicae,
1415 2317 1490 2357 ex
1535 2299 1828 2357 communi
1871 2300 2202 2356 calamitate
2248 2301 2532 2372 servatis,

304 2391 528 2448 oritura
569 2393 801 2461 essent,
853 2385 1165 2465 posteriori
1203 2396 1398 2443 autem
1438 2381 1702 2443 exbiberi
1747 2384 2193 2462 descriptionem
2236 2382 2530 2444 adventus

301 2475 474 2555 regni
523 2471 802 2544 Messiae,
873 2490 1005 2530 cum
1050 2471 1392 2547 ingentibus
1443 2470 1994 2540 commutationibus
2053 2480 2112 2526 et
2164 2469 2533 2529 terribilibus

295 2551 860 2636 rerumpublicarum
900 2554 1368 2615 revolutionibus
1413 2557 1727 2630 conjuncti.
1807 2553 1974 2613 Duae
2006 2552 2115 2611 hae
2145 2552 2554 2614 declamatio-‘

270 2655 410 2704 ‘nes
452 2655 712 2719 tempore
751 2642 982 2699 diverso
1025 2643 1441 2717 pronuntiatae
1476 2641 1711 2718 Koppio
1754 2639 2064 2708 videntur,
2121 2641 2222 2698 sed
2266 2640 2340 2698 ob
2390 2660 2535 2700 sen·-

306 2730 621 2790 tentiarum
663 2726 1139 2799 similitudinem,
1184 2742 1335 2802 quae
1376 2743 1536 2786 nunc
1571 2727 1869 2784 invenitur
1913 2727 1975 2783 in
2020 2724 2121 2783 Vs.
2152 2724 2252 2783 15.
2291 2726 2391 2785 16.
2433 2726 2535 2804 (in

307 2825 556 2889 utroque
597 2809 801 2888 hymni
844 2813 910 2867 in
952 2810 1157 2871 Jovam
1198 2812 1444 2872 canendi
1485 2811 1553 2870 fit
1600 2810 1894 2886 mentio),
1956 2809 2027 2868 ab
2068 2829 2174 2882 eo,
2231 2809 2332 2888 qui
2379 2811 2537 2871 hanc

307 2899 680 2959 oraculorum
737 2897 1140 2954 collectionem
1183 2897 1482 2969 instituit,
1548 2899 1611 2955 in
1654 2914 1832 2956 unam
1885 2897 2220 2971 conjuncta.
2305 2894 2536 2955 Eodem

308 2982 486 3044 modo
527 2984 591 3039 in
629 2983 886 3039 carmina
923 2982 1097 3060 plura
1133 2980 1385 3041 dissecat
1425 2981 1638 3058 Capita
1673 2982 2014 3058 sequentia3
2067 2978 2136 3038 de
2177 2980 2388 3058 quibus
2431 2982 2538 3041 in-

309 3068 493 3127 ferius
549 3064 897 3127 videbimus.
996 3063 1231 3126 Placuit
1287 3067 1432 3126 haec
1484 3067 1781 3125 sententia
1834 3066 2237 3125 Eicunonmo
2300 3084 2537 3144 quoqne

311 3151 590 3228 (Einles‘t.
635 3151 699 3209 ὅτι
743 3150 854 3210 das
895 3150 969 3214 A.
1009 3148 1087 3210 T.
1128 3150 1196 3211 P.
1224 3151 1333 3211 111.
1378 3173 1436 3230 p.
1467 3149 1624 3229 84.).
1708 3150 1827 3211 Sed
1869 3170 2045 3230 quum
2092 3163 2347 3230 quatuor
2384 3151 2537 3210 haec

310 3237 524 3315 Capita
559 3237 866 3296 manifeste
908 3239 974 3296 in
1015 3254 1134 3296 uno
1177 3239 1883 3318 eodemque-argumento
1936 3248 1996 3295 et
2042 3248 2250 3296 tenore
2291 3254 2537 3297 versen-

312 3334 436 3396 tur,
484 3342 595 3404 ego
639 3323 859 3381 nullam
902 3325 1005 3382 illa
1044 3324 1110 3382 in
1150 3322 1384 3384 diversa
1427 3325 1690 3383 carmina
1728 3320 2089 3400 dispescendi
2121 3323 2535 3402 necessitatem

309 3409 514 3468 video:
558 3405 814 3466 efficiunt
856 3411 1076 3488 potius,
1117 3408 1185 3467 in
1215 3425 1396 3467 unum
1438 3409 1542 3468 illa
1582 3425 1818 3467 carmen
1851 3403 2288 3484 comprehense,
2340 3418 2532 3467 totum

311 3493 600 3573 quoddam
654 3504 712 3550 et
756 3495 1025 3553 omnibus
1067 3494 1235 3571 quasi
1277 3493 1541 3571 partibus
1597 3503 2058 3553 consummatum
2100 3492 2535 3571 perfectumque

311 3598 554 3660 poema,
612 3579 675 3637 in
717 3597 831 3654 quo
889 3589 1053 3639 vates
1101 3598 1137 3637 a
1180 3579 1662 3659 gravissimarum
1704 3579 2101 3638 calamitatum
2142 3576 2537 3654 descriptione

315 3683 597 3735 exorsus,
664 3668 883 3723 transit
946 3663 1020 3722 ad
1074 3666 1378 3723 meliorem
1433 3663 1933 3737 vicissitudinem,
2002 3662 2203 3741 paucis
2261 3663 2535 3740 reliquiis

312 3750 516 3828 populi
567 3746 818 3809 Hebraei
871 3750 992 3823 jam
1045 3749 1418 3820 redeuntem,
1482 3749 1636 3808 unde
1691 3749 1961 3826 protinus
2015 3747 2396 3827 progreditur
2456 3747 2536 3806 ad

311 3835 671 3894 incrementa
728 3853 916 3894 novae
969 3833 1268 3893 felicitatis
1315 3831 1716 3914 depingenda,
1787 3853 1858 3891 eo
1903 3833 2138 3911 quidem
2176 3832 2382 3905 modo,
2444 3844 2533 3907 ut,

312 3921 573 3998 antiquis
600 3917 1002 3980 Israelitarum
1037 3918 1296 3978 inimicis
1325 3936 1445 3977 uno
1473 3929 1606 3997 post
1639 3919 1892 3978 alterum
1922 3915 2250 3997 profligatis
2277 3926 2334 3975 et
2361 3919 2534 3994 plane

311 4003 555 4080 deletis,
621 4004 924 4082 aptissima
972 4002 1392 4080 prosopopoeia
1443 4006 1605 4082 ipsos
1646 4002 1890 4062 inducat
1929 4001 2232 4063 israelitas
2276 4000 2534 4082 hymnos

202 4151 213 4162 ,
308 4100 583 4152 canentes
624 4090 691 4149 in
727 4088 955 4150 laudem
989 4086 1192 4165 sevae,
1232 4087 1307 4149 ob
1345 4091 1692 4150 restitutam
1728 4087 2174 4167 rempublicam.

477 4261 536 4319 1.
619 4255 898 4320 Versibus
941 4259 1149 4339 primis
1194 4268 1448 4336 quatuor
1493 4259 1779 4339 praedicit
1820 4269 1985 4321 vates
2026 4260 2194 4332 fore,
2255 4267 2326 4318 ut
2371 4269 2533 4319 terra

296 4366 402 4428 per
439 4344 846 4427 catastrophen
885 4347 1174 4427 quandam
1226 4347 1488 4408 omnium
1538 4363 1733 4410 rerum
1774 4344 2181 4425 perturbetur,
2244 4358 2532 4422 vastetur,
