2740 4864
1243 848 1442 925 x1x.

938 1007 1125 1070 car.
1172 1008 1425 1071 xxxx.
1466 1007 1749 1075 xxxn.

785 1311 1900 1412 Argumentum-

235 1486 352 1586 Et
401 1527 464 1585 in
504 1524 617 1588 hoe
659 1529 952 1607 carmine,
1016 1541 1083 1591 ut
1126 1534 1190 1592 in
1231 1529 1643 1613 praecedente,
1696 1534 1864 1595 varie
1905 1532 2253 1596 adhortatur
2292 1542 2457 1594 vates

235 1638 376 1681 suos
420 1621 594 1678 minis
635 1631 696 1679 et
729 1626 1233 1700 promissionibus,
1279 1637 1346 1685 ut
1387 1646 1424 1686 a
1462 1628 1677 1687 fiducia
1706 1623 2092 1687 bumanorum
2132 1632 2457 1703 praesidio—

228 1726 362 1764 rum
417 1704 764 1765 abstineant.
851 1711 1153 1770 Auxilium
1192 1713 1264 1771 ab
1303 1713 1609 1792 Aegyptiis
1649 1716 1892 1791 petitum
1934 1715 2207 1786 damnat,
2263 1718 2452 1792 primo

228 1790 490 1871 eleganti
528 1796 962 1869 comparatione
994 1795 1276 1855 humanas
1307 1799 1462 1863 inter
1492 1809 1554 1856 et
1577 1798 1807 1859 divinas
1833 1800 2126 1877 suppetias
2159 1801 2452 1875 instituta,

225 1873 360 1932 Vas.
397 1877 635 1949 1—3.;
698 1877 836 1936 dein
863 1872 1258 1955 'promissione
1300 1883 1370 1942 de
1415 1885 1596 1941 tutela
1628 1886 1859 1956 divina,
1911 1903 2025 1961 qua
2067 1895 2126 1941 et
2166 1885 2454 1943 servanda

228 1961 313 2018 sit
351 1958 782 2039 Hierosolyma,
823 1974 886 2022 et
925 1967 1258 2044 repulsandi
1302 1968 1675 2053 Assyriorum
1718 1971 2034 2040 exercitus,
2077 1965 2207 2027 Vss.
2238 1972 2452 2028 4—9.

226 2043 573 2124 Profligatis
612 2057 672 2104 et
714 2051 1118 2123 exterminatis
1158 2050 1423 2112 hostibus
1464 2073 1713 2134 regnum
1753 2058 2018 2132 sequitur
2053 2055 2224 2131 justi,
2265 2056 2349 2131 pii
2389 2066 2451 2114 et

228 2132 513 2207 sapientis
543 2135 720 2212 regis,
762 2143 935 2211 atque
965 2139 1020 2195 ei
1050 2138 1329 2196 similium
1361 2140 1711 2216 principum,
1752 2140 1856 2213 32,
1890 2141 1945 2201 l.
1981 2140 2045 2199 2.
2124 2141 2241 2208 Qui
2276 2150 2454 2200 antea

226 2212 306 2271 ‘de
344 2213 526 2273 Jovae
567 2235 706 2296 erga
744 2220 1024 2295 populum
1067 2241 1237 2281 suum
1278 2242 1421 2282 cura
1470 2225 1646 2301 impie
1686 2233 1748 2282 et
1793 2244 2058 2301 perverse
2095 2223 2452 2299 judicarant,

228 2301 281 2358 ii
315 2300 439 2373 iam
480 2312 692 2360 eventu
731 2303 928 2362 edocti
964 2303 1035 2365 de
1076 2308 1275 2366 divina
1302 2310 1538 2384 justitia
1577 2321 1637 2368 et
1681 2311 1945 2384 potentia
1977 2321 2134 2369 recte
2173 2311 2452 2383 sentient,

230 2402 474 2462 eamque
511 2386 912 2464 celebrabunt,
953 2387 1085 2450 Vss.
1111 2394 1173 2451 3.
1204 2395 1272 2455 4.
1357 2391 1641 2452 Homines
1684 2393 1891 2468 stulti,
1929 2395 2213 2473 maligni,
2262 2395 2453 2469 avari,

229 2471 334 2548 qui
372 2489 535 2530 suam
580 2474 863 2531 malitiam
904 2475 1101 2554 aliquo
1146 2478 1387 2537 obtentu
1430 2491 1495 2536 et
1539 2481 1735 2537 colore
1768 2489 1963 2560 tegere
2000 2489 2307 2554 noverant,
2349 2482 2450 2557 pio

227 2566 290 2612 et
332 2554 582 2632 sapienti
620 2576 760 2637 rege
801 2572 1087 2640 regnante
1129 2563 1191 2621 in
1237 2565 1417 2621 lucem
1462 2563 1877 2638 protrahentur
1928 2574 1988 2622 et
2026 2584 2061 2622 a
2116 2567 2452 2624 muneribus

224 2641 351 2697 suis
396 2642 872 2719 removebuntur,
920 2664 1120 2705 eorum
1157 2667 1295 2707 vero
1334 2648 1526 2706 locum
1573 2650 1937 2726 occupabunt
1973 2652 2077 2707 alii
2121 2649 2448 2709 honestatis

225 2726 577 2803 pietatisque
620 2725 860 2786 nomine
899 2730 1123 2790 laudati
1162 2733 1314 2805 viri,
1375 2732 1508 2790 Vas.
1543 2736 1764 2792 6—8.
1848 2734 1937 2794 Ne
1979 2745 2171 2794 tamen
2222 2753 2297 2792 ex
2339 2734 2452 2795 bac

226 2810 358 2884 ipsa
406 2813 791 2888 promissione
846 2814 1098 2893 improbi
1152 2836 1313 2895 spem
1367 2819 1773 2894 conciperent,
1843 2838 1906 2877 se
1955 2821 2074 2879 levi
2119 2820 2450 2904 calamitate

227 2891 537 2953 defunctos
577 2897 809 2972 impune
838 2898 1099 2959 abituros
1130 2921 1278 2976 esse,
1321 2917 1482 2964 vates
1525 2922 1804 2981 prospera
1843 2906 1946 2964 illa
1978 2916 2242 2984 tempora
2272 2925 2445 2982 prae·

223 2981 464 3037 nuntiat
515 3000 852 3041 successura
893 3004 1010 3043 non
1051 2989 1251 3063 prius,
1309 3007 1483 3070 quam
1525 2993 1589 3048 in
1636 2990 1910 3067 populum
1960 2991 2203 3068 impium
2247 3006 2449 3051 severe

221 3065 730 3125 animadvertisset
771 3071 1052 3128 vastitate
1095 3082 1284 3131 terrae
1311 3093 1449 3132 suae
1490 3074 1750 3147 inducta,
1801 3072 1928 3132 Vss.
1960 3076 2100 3131 9-
2124 3079 2219 3136 14.
2290 3076 2442 3138 'rer-

222 3149 473 3207 minabit
515 3162 708 3209 tamen
761 3154 993 3213 tandem
1037 3154 1197 3215 Deus
1251 3177 1463 3239 graves
1514 3161 1645 3218 illas
1699 3161 2057 3219 calamitates
2114 3162 2442 3240 insignibus

223 3233 542 3309 beneficiis,
582 3256 726 3315 quae
765 3240 830 3296 in
868 3243 1146 3318 populum
1191 3262 1360 3303 suum
1403 3243 1682 3317 conferet,
1717 3245 1822 3303 Vs.
1859 3248 1955 3306 15.
2043 3243 2112 3306 In
2144 3248 2447 3324 republica

224 3318 288 3375 in
323 3321 619 3379 meliorem
659 3333 873 3386 statum
916 3329 1197 3385 restituta
1237 3347 1331 3386 res
1378 3338 1498 3387 tam
1529 3347 1746 3402 sacrae,
1790 3348 1961 3409 quam
1992 3331 2193 3390 clviles
2227 3333 2447 3408 optime

222 3399 826 3485 administrabuntur,
888 3401 991 3468 Vs.
1025 3412 1128 3470 16.
1216 3410 1372 3472 Hinc
1414 3416 1762 3472 inconcussa
1798 3431 1950 3490 pax,
2008 3424 2071 3473 et
2109 3417 2447 3476 omnimoda

220 3488 472 3547 felicitas
508 3509 719 3551 novam
758 3494 1167 3570 rempublicam
1199 3498 1476 3573 beabunt,
1516 3495 1648 3558 Vss.
1686 3503 1779 3559 17.
1816 3500 1935 3573 18..
1976 3508 2038 3558 et
2074 3498 2211 3558 dum
2242 3490 2448 3561 hostes‘

219 3574 390 3630 unalis
434 3577 698 3636 omnibus
742 3577 1099 3653 obruentur,
1154 3581 1311 3659 apud
1347 3576 1600 3644 ludaeos
1646 3584 1903 3644 omnium
1944 3583 2230 3647 bonorum
2274 3587 2444 3667 copia

214 3668 282 3715 ‘et
323 3657 625 3722 affluentia
664 3663 799 3739 erit,
835 3662 966 3722 Vss.
1001 3666 1101 3723 19.
1127 3668 1233 3726 20.

395 3758 642 3822 Carmen
684 3764 803 3824 hoc
835 3767 1035 3826 eodem
1083 3777 1377 3851 tempore,
1432 3793 1550 3857 quo
1593 3774 1978 3855 praecedens,
2029 3773 2247 3843 editum
2289 3793 2438 3862 esse,

216 3860 619 3926 argumentum
660 3850 851 3929 ipsum
893 3854 1082 3915 docet.

392 4002 452 4060 1.
534 3999 738 4096 Ιηζξξ
780 4011 996 4101 Βξῖδξῖξ
1038 4012 1317 4102 ΒἾἻῊῙ
1355 4018 1468 4079 ήῗτ
1507 4015 1633 4077 Vae
1677 4018 2165 4084 descendentibus
2204 4022 2271 4082 in
2315 4024 2436 4085 Ae-

211 4093 472 4163 gyptum
498 4087 582 4144 ad
609 4092 902 4149 auxilium
939 4094 1021 4152 ibi
1050 4103 1462 4172 quaerendum.
1521 4100 1609 4161 Cf.
1636 4104 2058 4185 Argumentum
2086 4107 2162 4167 ad
2190 4097 2436 4171 Carmen

210 4173 582 4243 praecedens·
624 4211 629 4218 -
661 4177 843 4266 ηΰξτιρξ
889 4178 1271 4262 &ofin-'225
1303 4184 1539 4265 Quique
1570 4188 1920 4249 innituntur·
1947 4193 2156 4271 equi&
2198 4194 2275 4256 ef.
2303 4204 2434 4257 not.

210 4254 287 4312 sd
326 4255 432 4326 3ο,
462 4256 567 4315 16.
647 4262 782 4351 '²⁸⁷³
838 4274 1150 4355 *miz-‘⁸²2
1195 4251 1416 4359 niza-213
1466 4269 1575 4354 5³2²
1621 4285 1709 4337 :n
1754 4286 1827 4357 ⁵³,
1867 4274 2154 4365 :qn-'29
2195 4288 2439 4343 anun-7

207 4337 298 4408 Ee
339 4341 445 4418 qui
484 4340 798 4420 confidunt
833 4348 1133 4434 eurr-ibus,
1178 4356 1336 4433 quod
1372 4340 1748 4434 mulli'sun't,
1808 4369 1872 4422 st
1912 4347 2236 4440 equilibus,
2280 4347 2439 4446 q'u'eJ
