2740 4864
1243 727 1361 801 Vl.

899 884 1098 948 cst.
1132 887 1286 963 vm,
1317 882 1586 962 1-1x,
1609 884 1674 946 e.

1192 1061 1406 1084 -Δ--ο

721 1190 1863 1283 Argumentum.

159 1371 607 1486 Promissum,
661 1407 818 1487 quod
872 1416 1047 1467 autea
1099 1407 1207 1486 (7,
1241 1410 1400 1472 8.9.
1439 1402 1577 1493 16.)
1638 1407 1861 1469 sactum
1905 1411 2034 1470 erat
2075 1403 2269 1467 Abaso
2305 1405 2401 1462 vel

166 1505 379 1584 potius
419 1502 541 1581 pii·
579 1502 647 1559 in
685 1502 903 1578 populo
947 1501 1186 1562 Judaieo
1228 1503 1671 1581 superstitibus,
1707 1502 1778 1560 de
1819 1503 2141 1561 vicinorum
2180 1516 2400 1576 reguo-
2513 1501 2518 1506 ’

170 1610 298 1648 rum
317 1629 341 1661 ,
399 1604 653 1664 quorum
692 1596 852 1645 metu
883 1587 1329 1661 eruciabantur,
1384 1587 1764 1648 subversione
1805 1604 1947 1645 mox
1987 1584 2216 1656 futura,
2257 1601 2398 1660 pro·

164 1673 350 1752 pheta
374 1674 503 1748 jam
530 1672 745 1745 repetit
779 1675 949 1746 jussu
991 1672 1192 1732 divino
1234 1691 1505 1749 novoque
1543 1672 1714 1751 signo
1746 1671 2072 1730 confirmat.
2146 1666 2398 1738 Puerum

168 1772 241 1817 ut
284 1776 368 1816 ex
408 1774 602 1815 uxore
643 1755 988 1832 prophetide
1029 1760 1349 1834 suscipiat,
1389 1755 1549 1815 Deus
1593 1758 1828 1816 mandat
1859 1754 2120 1828 Jesajae,
2159 1754 2397 1830 ejusque

166 1858 397 1901 nomeu
437 1839 674 1917 publieo
718 1842 1053 1901 testimonio
1096 1844 1158 1900 in
1184 1843 1478 1901 volumine
1504 1838 1718 1922 grandi
1745 1856 1988 1899 exarare
2014 1838 2210 1912 jubet,
2246 1836 2402 1914 quod

170 1929 446 1986 sumtum
470 1927 556 1981 sit
583 1922 932 1985 ludaeorum
957 1929 1123 2005 genti
1159 1926 1225 1984 iu
1265 1927 1500 2006 signum
1539 1938 1599 1985 et
1630 1933 1960 2003 portentum
1983 1921 2116 2001 (Vs.
2147 1919 2400 2000 1—4.).

174 2010 338 2070 Tum
390 2010 612 2085 populo
658 2010 929 2086 utrique,
982 2021 1043 2068 et
1079 2010 1403 2070 Israelitieo
1441 2020 1501 2068 et
1521 2008 1802 2083 suaniae,
1841 2010 2098 2069 minatur
2138 2008 2400 2084 graviter

170 2096 518 2154 vexandum
558 2093 797 2152 esseab
822 2096 1084 2173 Assyriis
1124 2094 1255 2174 (Vs.
1288 2091 1549 2173 5—8.).
1636 2094 1834 2154 mudit
1876 2104 2066 2152 tamen
2112 2092 2404 2150 molimini

176 2182 451 2259 gentium
501 2176 843 2254 hostilium,
880 2178 1145 2238 firmatus
1185 2181 1398 2240 auxilii
1436 2180 1625 2241 divini
1666 2180 1974 2257 promisso,
2016 2174 2171 2255 quod
2214 2176 2403 2254 signi-

177 2267 393 2324 fleatur
434 2263 812 2322 [mmanuelis
853 2266 1087 2324 nomine
1123 2264 1251 2340 (Vs.
1286 2269 1344 2324 9.
1370 2260 1530 2341 10.)‚
1571 2263 1958 2341 hortaturque
1993 2280 2169 2332 suos,
2204 2268 2294 2332 ut,
2340 2262 2404 2319 in

184 2351 310 2407 selo
364 2348 524 2409 Jova
583 2367 685 2426 spe
738 2348 975 2422 locata,
1036 2350 1185 2409 nihil
1236 2349 1351 2409 sibi
1409 2349 1779 2408 metuendum
1833 2354 2041 2426 putent
2093 2362 2132 2403 a
2178 2343 2402 2403 duobus

188 2435 456 2514 regibus,
517 2441 762 2512 quorum
817 2438 1140 2511 conjuratio
1188 2432 1461 2513 frequens
1519 2444 1648 2493 erat
1688 2435 1754 2492 in
1799 2451 2002 2492 eorum
2037 2431 2401 2491 sermonibus

188 2515 327 2597 (va.
357 2516 706 2595 11—18.).
787 2517 875 2577 Ad
904 2531 1223 2580 extremum
1259 2519 1378 2597 his,
1413 2520 1517 2598 qui
1551 2536 1590 2577 a
1613 2516 1758 2578 lora
1789 2516 2130 2588 defecerint,
2167 2517 2404 2593 ejusque

179 2606 487 2681 promissis
528 2605 996 2663 existimaverint
1037 2606 1379 2665 eredendum
1424 2623 1547 2663 non
1587 2621 1752 2680 esse,
1821 2598 1923 2662 sed
1973 2602 2171 2680 potius
2214 2617 2251 2657 a
2292 2617 2401 2676 py-

182 2688 460 2749 thonibus
513 2697 576 2748 et
630 2688 843 2749 divinis
894 2688 1199 2766 petendum
1245 2690 1584 2763 oraculum,
1630 2689 1872 2749 adversa
1913 2686 2110 2746 omnia
2149 2686 2403 2743 minatur

180 2774 325 2849 (Vs.
357 2773 671 2833 19—22.
684 2770 740 2851 ).
841 2772 1220 2835 Gravissimis
1279 2773 1442 2836 hisee
1499 2770 2045 2834 comminationibus
2096 2769 2403 2849 subjungit

180 2860 499 2919 laetiorum
552 2869 878 2936 temporum
930 2861 1392 2938 promissionem.
1476 2856 1569 2918 Ea
1614 2861 1865 2936 primum
1905 2856 2242 2915 illuoeseent
2280 2855 2403 2912 illis

180 2953 371 3003 terrae
403 2942 806 3004 Hebraeorum
825 2945 1183 3023 regionibus,
1213 2964 1363 3023 quae
1392 2945 1534 3003 olim
1563 2945 1839 3023 plurimas
1869 2950 2140 3019 expertae
2164 2938 2404 2998 fuerant
2511 2976 2514 2979 η

182 3029 591 3103 almitates,
660 3046 846 3106 neque
895 3030 1017 3088 ullo
1068 3042 1240 3088 autea
1293 3030 1602 3110 diguitatis
1657 3028 1966 3106 splendore
2020 3024 2404 3096 eminuerunt,

186 3112 522 3187 Galilaeae,
573 3117 902 3192 tractuique
959 3114 1098 3173 huie
1147 3114 1397 3173 finitimo
1444 3113 1549 3191 (8,
1582 3114 1752 3189 23.).
1833 3113 1921 3173 lbi
1967 3112 2123 3170 enim
2169 3109 2405 3169 divinus

182 3198 284 3255 ille
320 3197 502 3257 heros
523 3240 547 3273 ‚
616 3200 781 3271 eujus
836 3202 1060 3258 natales
1106 3217 1282 3276 supra
1322 3202 1386 3272 7,
1424 3201 1519 3258 14.
1554 3196 1924 3274 praedixerat
1953 3205 2159 3271 vates,
2233 3211 2404 3271 quem

187 3290 377 3340 terrae
427 3301 578 3342 auae
613 3285 1020 3359 sospitatorem
1063 3288 1184 3361 jam
1225 3286 1621 3361 appellaverat
1661 3281 1770 3362 (8,
1797 3280 1936 3359 8.),
2006 3280 2226 3357 primae
2268 3293 2411 3353 suae

184 3368 438 3425 virtutis
484 3368 833 3428 documenta
872 3370 1037 3443 edet,
1078 3373 1215 3430 dum
1258 3370 1507 3445 servile,
1556 3388 1672 3447 quo
1717 3384 1860 3447 gens
1901 3363 2167 3425 Hebraea
2205 3362 2406 3438 oppri-

183 3452 407 3524 mitur,
455 3453 666 3532 jugum
707 3455 1002 3513 eoueutiet
1024 3495 1044 3529 ,
1106 3455 1317 3533 illique
1358 3454 1688 3514 libertatem
1728 3449 2085 3521 vindieabit,
2158 3446 2407 3525 plurima

184 3534 258 3592 ab
319 3534 593 3596 hostibus
642 3537 887 3597 devietis
937 3550 1235 3618 reportata
1285 3540 1501 3617 praeda
1559 3534 1684 3615 (9,
1730 3538 1757 3593 1
1783 3530 2013 3609 -4.).
2115 3530 2184 3589 ln
2237 3531 2406 3605 eujus

182 3621 394 3700 magui
455 3621 791 3681 liberatoris
833 3623 1034 3682 laudes
1084 3627 1353 3704 protinus
1409 3625 1697 3702 erumpit,
1733 3615 2237 3701 ‚splendidi-:imin
2275 3630 2409 3673 eum

185 3705 493 3764 celebrans
537 3707 870 3766 nominibus
912 3706 1001 3785 (5.
1030 3710 1142 3788 6.).

366 3789 628 3869 Tempus
677 3791 823 3852 editi
878 3792 1047 3870 hujus
1105 3793 1373 3855 vaticinii
1421 3793 1713 3855 Sauum.
1776 3809 1915 3851 vere
1972 3788 2242 3847 observat
2285 3797 2413 3841 ease
2441 3822 2454 3834 .

189 3892 326 3935 eum
382 3876 766 3937 antecedente
813 3876 947 3937 fere
994 3881 1185 3952 idem,
1251 3882 1428 3959 paulo
1477 3879 1731 3938 fortasse
1777 3877 1986 3936 serius.
2067 3866 2201 3929 Jam
2255 3869 2413 3928 enim

189 3958 538 4019 diseesaisse
584 3981 618 4020 e
657 3971 814 4022 terra
854 3960 1099 4025 Judaiea
1136 3967 1331 4026 soeios
1379 3963 1566 4023 Reziu
1604 3972 1665 4022 et
1707 3961 1964 4034 Peoaob,
2023 3974 2101 4019 ex
2139 3954 2325 4014 Versu
2352 3951 2414 4011 6.

187 4045 536 4118 probabile,
590 4045 829 4109 liberum
871 4048 947 4108 ab
989 4051 1151 4111 omni
1190 4049 1449 4128 periotsso
1490 4047 1747 4108 Abasum
1798 4066 1931 4106 eum
1974 4043 2099 4101 suis
2139 4058 2267 4098 aeae
2307 4054 2418 4113 pu-

188 4136 389 4205 tasse,
428 4149 771 4213 omnemque
810 4136 878 4195 iu
917 4133 1146 4195 foedere
1183 4155 1315 4195 oum
1357 4133 1734 4211 Assyriorum
1775 4152 1916 4213 rege
1954 4132 2074 4189 isto
2110 4133 2172 4185 et
2208 4120 2419 4200 quovit
2485 4152 2500 4160 ·

186 4215 366 4274 modo
398 4215 693 4275 servando
713 4237 871 4296 spem
901 4222 1185 4296 posuisse.
1247 4218 1428 4280 Addit
1459 4218 1797 4289 Gaetulus,
1826 4214 2130 4277 oraculum
2153 4209 2269 4268 hoe
2296 4220 2423 4262 ⁶⁸⁸0

188 4302 383 4361 serius
427 4301 735 4379 superiore
768 4304 1025 4381 editum,
1059 4321 1337 4384 apparere
1376 4305 1556 4364 etiam
1598 4305 1776 4377 iude,
1808 4299 1966 4381 quod
2007 4308 2271 4375 κομί,
2307 4304 2425 4365 ‘1¹¹⁰
