2740 4864
1338 836 1593 924 XVIII.

1187 995 1233 1057 C
1260 999 1309 1059 A
1337 998 1409 1061 Ρ.
1496 995 1743 1059 XXX.

884 1292 2041 1405 Argumentum.

353 1485 438 1585 P
442 1536 706 1603 ostquam
744 1522 986 1586 Hiskias
1032 1527 1105 1586 ab
1147 1529 1390 1607 Assyrio
1434 1526 1735 1588 defecisset
1777 1526 1849 1607 (2
1867 1526 2013 1607 Reg.
2046 1526 2145 1601 18,
2173 1522 2296 1598 ⁷.)‚
2352 1525 2568 1584 multos

350 1622 702 1683 ludaeorum
735 1621 1010 1678 metuisse
1050 1621 1161 1680 sibi
1206 1631 1265 1678 et
1301 1621 1370 1680 de
1402 1623 1713 1683 securitate
1742 1640 1849 1679 sua
1884 1621 2172 1698 cogitasse
2205 1636 2437 1689 necesse
2461 1629 2571 1693 est,

355 1708 693 1787 praesertim
733 1725 907 1782 quum
953 1706 1109 1763 fama
1154 1709 1657 1782 percrebresceret,
1701 1707 2002 1784 Assyrium
2038 1703 2463 1780 expeditionem
2502 1705 2564 1759 in

351 1797 676 1869 Aegyptum
712 1792 930 1862 moliri,
976 1809 1089 1868 qua
1124 1790 1389 1848 Ju1‘laca
1374 1795 1485 1877 ipsi
1521 1770 1872 1849 transeunda
1905 1799 2051 1847 erat.
2138 1787 2342 1864 ltaque
2370 1789 2566 1864 plures

351 1876 703 1935 ludaeorum
750 1892 1014 1950 proceres
1058 1876 1127 1934 de
1172 1875 1403 1934 foedere
1446 1896 1573 1934 cum
1622 1876 1930 1955 Aegyptiis
1975 1874 2227 1932 ineundo
2272 1875 2566 1951 cogitasse

297 1994 300 1998 Δ
352 1964 661 2032 videntur,
721 1961 820 2036 qui
875 1960 993 2017 soli
1039 1978 1206 2036 pares
1253 1961 1677 2039 Aegyptiorum
1724 1962 2017 2037 potentiae
2059 1956 2568 2029 existimabantur,

353 2063 565 2122 eosque
601 2042 876 2103 Judaeum
916 2054 986 2101 ut
1020 2052 1187 2101 suurn
1230 2047 1486 2119 ipsorum
1526 2047 2019 2123 propugnaculum
2062 2043 2401 2101 defensuros
2442 2060 2567 2100 esse

352 2130 580 2207 sperari
633 2130 844 2205 potuit.
933 2129 1124 2205 Atque
1166 2150 1282 2206 quo
1328 2142 1589 2206 tempore
1633 2130 1987 2188 Senberibus
2034 2129 2459 2204 expeditionem
2503 2128 2570 2183 in

351 2215 629 2275 Judaeum
666 2213 938 2290 suscepit,
977 2216 1073 2271 vel
1110 2217 1318 2273 initum
1366 2234 1491 2272 esse
1532 2216 1649 2272 tale
1689 2214 1891 2273 foedus
1935 2232 2062 2272 cum
2103 2213 2427 2292 Aegyptiis,
2471 2212 2564 2268 vel

352 2301 426 2359 de
469 2319 537 2358 eo
581 2308 939 2357 transactum
983 2318 1144 2372 esse,
1204 2309 1365 2372 patet
1410 2319 1443 2357 e
1486 2301 1678 2359 verbis
1723 2299 1884 2356 ducis
1929 2300 2224 2357 exercitus
2262 2295 2561 2369 Assyriaci

350 2383 513 2446 infra
559 2385 674 2456 36,
708 2386 765 2442 6.
795 2383 857 2443 9.
915 2382 1118 2466 2Reg.
1159 2388 1269 2458 18,
1308 2387 1411 2442 21.
1496 2383 1564 2443 ld
1604 2403 1743 2443 vero
1784 2402 1957 2459 quum
2001 2382 2335 2441 inconsulto
2371 2379 2562 2455 Jeseja

349 2482 408 2529 et
450 2473 595 2529 clam
636 2488 705 2526 eo
747 2469 1104 2526 institutum
1130 2470 1308 2528 fuisse
1346 2471 1619 2528 credibile
1650 2473 1753 2542 sit,
1795 2472 2002 2545 quippe
2044 2471 2144 2546 qui
2185 2465 2388 2524 foedus
2430 2485 2559 2524 cum

347 2556 656 2636 Aegyptiis
695 2563 766 2611 ut
804 2551 1042 2612 Judaeis
1083 2558 1473 2633 perniciosum
1515 2558 1903 2627 maximopere
1945 2552 2299 2630 improbaret
2343 2562 2403 2609 et
2439 2550 2559 2607 dis-

346 2644 621 2701 suaderet
667 2639 778 2714 (ut
832 2639 1083 2696 vidimus
1138 2655 1315 2716 supra
1358 2638 1424 2699 in
1470 2644 1832 2720 Argumento
1889 2638 1963 2695 ad
2007 2639 2147 2738 Cap.
2189 2639 2292 2692 20.
2313 2639 2374 2709 );
2452 2634 2559 2693 hae

348 2728 616 2784 oratione
658 2724 918 2802 graviter
955 2723 1251 2781 invehitur
1299 2727 1362 2782 in
1407 2728 1541 2784 illos
1576 2724 1959 2797 Judaeorum‚
2015 2725 2116 2801 qui
2154 2723 2344 2778 invito
2388 2720 2560 2790 Jove,

345 2813 507 2884 cujus
549 2808 791 2867 nuntius
831 2817 891 2863 et
931 2810 1250 2865 voluntatis
1289 2811 1575 2889 interpres
1619 2821 1780 2867 vates
1822 2822 1968 2879 erat,
2017 2828 2078 2866 se
2125 2807 2197 2863 ad
2239 2808 2561 2883 Aegyptios

348 2901 787 2964 converterant,
846 2910 1158 2970 eorumque
1196 2894 1455 2953 favorem
1501 2905 1562 2954 et
1603 2914 1767 2971 opem
1811 2912 1910 2969 per
1951 2898 2175 2972 legatos
2218 2902 2277 2946 et
2320 2908 2563 2948 munera

344 2980 631 3056 supplices
672 2977 1162 3053 imploraverant,
1204 2981 1608 3055 ostenditque,
1660 2996 1832 3056 quam
1870 2980 2205 3060 indignum,
2248 2977 2462 3032 inutile
2500 2985 2561 3033 et

344 3063 686 3132 damnosum
728 3059 789 3118 id
831 3059 1009 3118 fuerit
1052 3064 1187 3140 (Vs.
1226 3064 1535 3140 1-14.).
1618 3063 1824 3122 ῘοΥιιιιι
1867 3074 2095 3135 autem,
2151 3079 2288 3117 suae
2328 3061 2562 3139 gloriae

344 3149 665 3219 aemulum,
722 3163 843 3204 non
884 3163 1008 3202 esse
1051 3150 1461 3224 praestiturum
1506 3151 1749 3207 salutem
1794 3158 1853 3207 et
1890 3151 2294 3208 liberationem
2338 3147 2560 3221 populo

341 3249 485 3304 suo,
531 3243 835 3308 antequam
880 3230 953 3289 ad
995 3233 1180 3310 ipsum
1223 3253 1286 3291 sc
1326 3237 1751 3307 convertisset,
1796 3243 1855 3291 et
1888 3253 1950 3292 se
1994 3237 2349 3306 salutemque
2389 3248 2561 3288 suam

339 3326 523 3375 totam
563 3317 699 3375 fidei
738 3318 861 3389 eius
900 3320 1320 3376 commisissent
1351 3317 1479 3396 (Vs.
1507 3318 1856 3394 16—18.).
1929 3316 2143 3377 Verum
2174 3317 2347 3373 simul
2377 3321 2562 3392 atque

334 3400 495 3460 hanc
544 3401 859 3461 subiissent
920 3403 1346 3475 conditionem,
1413 3407 1678 3479 protinus
1730 3423 1854 3462 esse
1909 3401 2249 3462 adfuturum
2312 3401 2557 3479 integro

336 3488 531 3546 animo
576 3504 741 3564 opem
785 3504 950 3548 suam
993 3488 1471 3562 implorantibus,
1533 3509 1746 3567 eosque
1786 3507 1907 3546 non
1948 3486 2311 3545 defensorum
2356 3483 2561 3557 modo,

332 3589 535 3630 verum
573 3573 748 3630 etiam
791 3571 1050 3647 plurilus
1090 3570 1383 3631 beneficiis
1426 3576 1850 3632 cumulaturum
1878 3592 2003 3632 esse
2032 3570 2162 3648 (Vs.
2200 3570 2375 3627 19-
2389 3571 2530 3640 26.)

232 3699 239 3712 .
332 3667 392 3713 et
430 3656 719 3715 editurum
760 3658 933 3713 simul
973 3657 1203 3714 illustre
1233 3641 1501 3733 justitiae
1530 3661 1935 3736 potentiaeque
1965 3676 2104 3716 suae
2133 3656 2458 3732 exemplum
2492 3657 2559 3713 in

324 3738 693 3821 profligando
733 3759 803 3798 ac
844 3740 1165 3813 dejiciendo
1206 3743 1455 3819 ‘superbo
1491 3745 1765 3820 Assyriae
1805 3763 1941 3824 rege
1981 3742 2116 3819 (Vs.
2149 3742 2322 3796 27—
2346 3738 2507 3816 33.)-

496 3838 824 3900 Vernacule
858 3843 1202 3900 translatum
1245 3855 1303 3900 et
1335 3846 1686 3901 illustratum
1716 3842 1870 3901 bunc
1897 3861 2222 3902 sermonem
2256 3840 2326 3897 ab
2356 3839 2557 3898 Eleu-

331 3940 574 3985 uonmo
619 3927 754 3985 vide
790 3927 855 3985 in
896 3925 1007 3985 deu
1045 3926 1435 3987 hebraiaecloen
1464 3926 1800 4006 Propheten
1844 3926 2054 3988 v01.1.
2091 3947 2146 4004 p.
2169 3927 2313 3984 279.
2342 3943 2513 4002 seqq.

507 4079 569 4137 1.
653 4080 893 4168 ΒΨἿὙΊΟ
939 4085 1079 4140 0³³2
1123 4085 1232 4142 *¹777
1279 4079 1441 4138 Vae!
1462 4081 1598 4154 filii
1638 4080 2070 4159 refragantes!
2130 4078 2285 4138 Mala
2320 4078 2556 4136 instant

331 4160 513 4223 Jovae
557 4142 867 4222 consilium
912 4176 1085 4240 atque
1135 4168 1417 4224 auxilium
1464 4168 1995 4241 contemnentibus3
2052 4164 2128 4223 cf.
2180 4161 2317 4239 Cep.
2355 4165 2413 4235 1,
2443 4165 2553 4220 23.

331 4248 431 4323 65,
461 4251 522 4306 2.
607 4258 715 4307 *ab
760 4245 875 4313 ΝΒῚ
923 4259 1067 4336 ῆκξ
1106 4247 1323 4341 nii-:735
1363 4247 1630 4327 Propter
1649 4250 2007 4325 faciendum
2045 4249 2392 4320 comitium,
2442 4247 2558 4305 sed

323 4352 438 4393 non
482 4350 564 4394 ex
600 4349 712 4404 nte,
756 4315 1067 4417 propterca⁸
1097 4339 1251 4415 quod
1281 4345 1676 4415 exsequuntur
1714 4337 2022 4397 consilium
2068 4352 2258 4406 suum,
2307 4342 2367 4393 et
2405 4351 2551 4436 nou,
