2740 4864
628 853 1874 990 PARstsEcUNDA.

126 1028 830 1150 VATICINIA
903 1028 1033 1097 IN
1103 1023 1592 1094 GENTES
1665 1015 2361 1101 Ex'rERAS*).

1222 1358 1280 1432 1.

816 1518 1011 1579 cAP.
1058 1514 1491 1593 xm-xlv,
1544 1517 1652 1575 23.

665 1825 1812 1921 Argumentum.

116 2003 410 2104 Carmen
453 2041 602 2118 hoc,
668 2060 776 2114 ea,
836 2062 982 2121 quae
1023 2054 1505 2121 praecesserunt,
1575 2036 1935 2100 sublimitate
1979 2043 2041 2093 et
2075 2027 2347 2110 magnifi-

115 2140 314 2198 centia
348 2136 525 2198 facile
564 2153 880 2212 superans,
942 2148 1130 2198 totum
1170 2139 1236 2199 in
1279 2135 1599 2217 Babylonis
1640 2129 1872 2191 excidio
1915 2134 2220 2206 versatur,
2280 2132 2341 2181 et

112 2227 197 2283 ita
251 2222 496 2302 quidem
543 2231 614 2280 ut
670 2224 918 2299 primum
969 2223 1148 2299 (inde
1208 2243 1246 2283 a
1309 2222 1415 2284 Vs.
1451 2220 1718 2279 2—22.
1777 2212 1920 2291 Cap.
1954 2212 2096 2286 13.)
2152 2211 2339 2285 ipnm

113 2310 276 2369 urbis
314 2308 810 2388 expugnationem
834 2310 1032 2369 0variis
1063 2310 1421 2390 imaginibus
1447 2308 1753 2386 depingat.
1836 2296 2132 2358 Describit
2170 2302 2340 2371 poeta

111 2394 348 2454 hostilis
410 2395 703 2453 exercitus
760 2413 836 2463 ex
892 2394 1163 2475 gentibus
1214 2394 1416 2456 multis
1474 2402 1533 2452 et
1573 2388 1839 2451 barbaris
1887 2398 2233 2444 concursum
2278 2384 2338 2434 et

109 2479 673 2561 congregationem,
709 2483 834 2558 ejus
877 2482 1189 2540 adventum
1232 2491 1293 2539 et
1334 2480 1722 2556 irruptionem
1761 2473 1826 2530 in
1861 2471 2102 2538 urbem,
2143 2463 2336 2541 Baby-

107 2566 413 2623 loniorum
455 2581 762 2641 pavorem,
815 2568 1378 2639 consternationem,
1432 2563 1730 2645 ignaviam
1775 2565 1836 2614 et
1879 2551 2333 2629 desperationem

102 2667 434 2719 summam,
479 2649 662 2707 totius
700 2651 1053 2730 reipublicae
1095 2652 1566 2722 subversionem,
1621 2643 1878 2702 hostium
1923 2636 2330 2697 crudelitatem

100 2747 158 2794 et
195 2734 520 2793 saevitiam
561 2734 625 2791 in
669 2737 856 2794 omnis
899 2738 1126 2817 generis
1167 2745 1225 2793 et
1264 2736 1477 2792 aetatis
1519 2731 1819 2798 homines,
1885 2726 2116 2801 plenum
2159 2716 2329 2776 deni-

100 2840 209 2897 que
273 2818 446 2876 urbis
507 2820 980 2896 opulentissimae
1037 2838 1107 2880 ac
1147 2837 1320 2897 super
1368 2820 1516 2876 alias
1567 2812 1811 2893 superbe
1850 2829 1975 2867 sese
2014 2802 2329 2876 efferentis,

94 2902 401 2964 excidium
458 2911 518 2960 et
567 2906 827 2984 regionis
886 2907 1344 2982 circumjacentis
1397 2902 1806 2962 vastationem.
1858 2892 2068 2952 ‘Haec
2128 2888 2325 2948 omnia

94 3001 265 3049 vates
311 2988 625 3066 sigillatim
667 2990 773 3048 sub
814 2993 1018 3051 oculos
1055 2991 1329 3068 subjicit,
1372 2998 1443 3047 et
1468 2984 1697 3064 quidem
1741 2980 2034 3038 coloribus
2073 2974 2323 3035 vividis-

97 3078 292 3151 simis,
381 3071 707 3154 Profligato
756 3088 949 3135 autem
975 3072 978 3075 “
1006 3075 1117 3133 boc
1171 3093 1353 3156 regno
1392 3070 1746 3149 reipublicae
1783 3062 2136 3126 Israeliticae
2180 3058 2322 3117 olim

92 3158 520 3233 infestissimo,
571 3160 698 3217 vati
739 3165 897 3221 laeta
934 3161 1179 3240 affulget
1213 3177 1342 3237 spes
1386 3156 1457 3216 de
1498 3156 1738 3215 meliore
1781 3150 1973 3232 gentis
2018 3156 2078 3205 et
2116 3144 2319 3219 reipu-

86 3245 283 3303 blicae
318 3242 677 3303 Israeliticae
720 3245 1158 3322 vicissitudine3
1219 3245 1291 3304 de
1330 3242 1678 3302 liberatione
1716 3256 1754 3296 a
1791 3236 1939 3297 dura
1983 3234 2088 3301 illa
2128 3230 2315 3288 servi-

82 3342 210 3390 tute
259 3327 627 3405 Babylonica
676 3332 980 3409 redituque
1032 3333 1099 3389 in
1146 3331 1395 3409 patriam
1437 3325 1618 3406 (Cap.
1652 3326 1754 3397 14,
1786 3323 1843 3383 l.
1878 3320 1937 3376 2.
1971 3313 2095 3392 35).
2182 3315 2315 3383 (2¹¹⁸

78 3414 432 3473 dulcissima
476 3419 910 3490 exspectatione
955 3418 1015 3473 in
1057 3432 1335 3475 summam
1382 3413 1671 3471 laetitiam
1730 3407 2040 3478 abreptus,
2110 3407 2311 3457 noster

76 3500 363 3576 protinus
403 3498 563 3575 ipsos
595 3496 826 3559 inducit
872 3499 1206 3575 israelitas,
1262 3507 1539 3556 canentes
1577 3510 1810 3552 carmen
1848 3485 2199 3564 triumphale
2243 3481 2307 3537 in

81 3602 365 3642 mum
418 3585 585 3660 regni
637 3582 1021 3663 Babylonia,
1083 3586 1361 3645 refertum
1405 3576 1885 3658 splendidissimis
1931 3566 2307 3651 imaginibus,

75 3680 130 3726 θ*
196 3668 503 3745 ΡθῐῬθῑῦἷ·
549 3672 1016 3747 prosopopoeiis‚
1086 3673 1274 3749 iisque
1347 3663 1790 3747 pulcherrimis,
1866 3658 2302 3717 continuatum:

74 3755 236 3830 qnod
303 3754 556 3809 alteram
610 3753 781 3831 huius
839 3758 1136 3814 carminis
1157 3765 1379 3829 partem
1410 3749 1587 3810 efficit
1626 3746 1799 3829 (Cap.
1838 3745 1938 3819 14,
1964 3736 2301 3815 4—27.);

69 3857 252 3916 quam
295 3834 466 3893 infra
504 3836 845 3920 diligentius
886 3839 1397 3901 considerabimus.

252 3920 349 3979 De
393 3930 681 3999 tempore,
738 3945 851 4003 quo
896 3945 1126 3985 carmen
1161 3925 1274 3983 hoc
1313 3925 1534 3984 editum
1577 3921 1692 3991 sit,
1740 3919 1793 3975 si
1835 3930 2118 3994 quaeras,
2152 3908 2295 3967 haec

69 4009 373 4084 inprimis,
415 4007 481 4063 in
529 4011 780 4068 carmine
817 4014 945 4088 ipso
989 4013 1195 4086 obvia,
1239 4018 1415 4069 erunt
1454 4000 2004 4065 animadvertenda:
2032 3996 2297 4078 primum

67 4092 168 4151 Vs.
209 4093 315 4153 19.
370 4089 595 4167 Capitis
632 4096 725 4151 13.
751 4094 1015 4173 Babylon
1054 4097 1194 4155 urbs
1238 4092 1668 4154 Chaldaeorum
1709 4085 1995 4168 superbia
2029 4092 2292 4159 vocatur·

65 4178 193 4237 hm
259 4197 409 4237 vcro
471 4174 699 4255 Jesajae
753 4191 1010 4261 tempore
1066 4180 1390 4240 Chaldaeos
1445 4195 1655 4258 vagam
1717 4171 2116 4234 tantummodo
2138 4208 2159 4242 ,
2233 4171 2293 4221 et

199 4362 255 4434 0)
297 4363 423 4413 Vid.
466 4370 579 4421 nol.
615 4367 680 4465 ad
717 4366 835 4418 libri
868 4368 1292 4433 inscriptionem,
1337 4382 1388 4429 p.
1425 4367 1480 4418 4.
