2740 4864
572 251 921 351 lesaias.
1030 261 1198 355 Gap.
1233 257 1352 348 59,
1406 280 1524 333 21.
1604 258 1732 351 60,
1775 286 1830 348 ¹.-
2136 259 2318 344 747,

95 463 286 519 utens,
321 443 427 524 qui
456 450 556 505 est
597 461 799 524 super*
823 454 899 530 ts.
982 443 1121 507 Non
1163 444 1527 523 propincum,
1570 455 1644 506 nt
1678 445 2076 528 Hieronymus
2118 459 2180 510 et
2211 453 2323 511 alii

97 532 544 602 existimarunt,
600 531 957 608 alloquitur,
1017 531 1119 590 sed
1162 532 1446 605 populum
1481 531 1844 609 Hebraeum,
1904 536 1999 594 uti
2035 545 2095 595 et
2140 539 2322 602 verba,

98 616 416 693 praemissa
457 622 519 673 et
563 632 712 695 quae
750 626 1074 695 sequuntur
1117 615 1811 678 clarissimeostendunt.
1900 619 2052 680 Nam
2088 637 2125 677 a
2164 625 2318 681 vatis

96 703 239 762 filiis
290 710 352 759 et
392 701 699 778 nepotibus
757 702 1031 780 spIritum
1074 700 1337 759 divinum
1388 719 1511 762 non
1555 722 1918 770 recessurum
1963 725 2091 764 esse
2146 725 2317 767 nemo

95 787 269 848 facile
311 787 367 844 ei
411 786 676 862 promitti
718 784 942 847 credat.
1027 787 1368 863 (intermunt=
1398 787 1630 864 quidem
1676 791 1797 847 illis
1844 792 2102 873 intelligi
2146 802 2320 868 putat

95 871 429 951 prophetas,
470 870 575 949 qui
616 874 944 932 successuri
968 874 1092 932 sint
1118 872 1273 946 vati,
1315 881 1385 930 ut
1415 875 1823 950 promittatur,
1861 878 2027 936 nullo
2060 890 2322 956 tempore

93 957 380 1019 Hebraeis
422 955 731 1016 defuturos
767 956 1106 1036 propbetas,
1146 957 1249 1035 qui
1284 975 1388 1015 eos
1425 957 1497 1018 de
1530 961 1839 1019 voluntate
1866 957 1982 1020 Dei
2019 963 2316 1028 edoceant.

96 1042 216 1104 sod
246 1037 469 1101 Versus
511 1042 614 1120 qui
640 1041 936 1119 praecedit
965 1043 1229 1121 loquitur
1267 1042 1339 1101 de
1366 1046 1582 1121 populo
1612 1045 1909 1104 universo.
1980 1045 2093 1106 Est
2119 1056 2319 1108 autem

94 1124 195 1187 hic
236 1145 612 1206 personarum
655 1128 951 1207 enallage;
1019 1146 1198 1206 quum
1240 1128 1395 1187 enim
1440 1131 1505 1187 in
1543 1130 1724 1187 tertia
1767 1126 2024 1190 Pluralis
2067 1151 2318 1210 persona

96 1211 330 1300 (0:35⁸)
362 1213 530 1291 loqui
555 1212 842 1288 coepisset
868 1223 1052 1287 vates,
1083 1214 1284 1293 pergit
1312 1213 1378 1271 in
1402 1232 1651 1291 persona
1678 1214 1938 1274 secunda
1963 1216 2321 1298 Singularis,

99 1301 369 1358 oratione
410 1298 485 1357 ad
525 1297 818 1375 populum*
844 1297 1034 1375 ipsum
1074 1298 1322 1358 directa.
1411 1299 1608 1359 Simili
1647 1300 1915 1381 enallage
1953 1301 2073 1362 Jes.
2106 1304 2225 1377 33,
2256 1304 2320 1362 2.

97 1394 261 1441 vates
312 1400 352 1440 a
396 1398 648 1458 persona
695 1382 886 1458 prima
929 1383 1124 1442 subito
1174 1382 1251 1441 ad
1295 1384 1531 1443 tertiam
1573 1386 1826 1462 transit3
1893 1385 2017 1446 vid.
2061 1389 2145 1449 ibi
2183 1397 2317 1447 not.

99 1467 268 1536 Quod
311 1479 509 1527 autem
549 1466 647 1525 hic
688 1463 836 1525 Jove
875 1470 1089 1545 populo
1130 1465 1401 1527 Hebraeo
1442 1470 1773 1547 promittit,
1814 1488 2003 1551 neque
2042 1475 2320 1551 spiritum

101 1571 303 1628 suum,
342 1571 512 1632 quem
554 1551 670 1629 ipsi
714 1553 1138 1630 impertiret-it,
1186 1554 1627 1631 nequererbn,
1672 1573 1821 1633 quae
1858 1557 2048 1634 ipsius
2090 1560 2183 1617 ori
2224 1561 2319 1617 in-

101 1637 338 1712 diderit,
383 1638 456 1698 ab
498 1657 570 1697 eo
613 1655 870 1714 unquam
909 1654 1241 1711 recessura,
1290 1639 1462 1716 plane
1501 1639 1777 1699 convenit
1817 1659 1949 1699 cum
1989 1644 2122 1702 aliis
2164 1644 2322 1719 ejus·-

99 1721 224 1783 dem
269 1724 606 1806 argumenti
651 1722 1172 1799 promissionibus,
1234 1725 1574 1801 praesertim
1617 1744 1748 1783 cum
1790 1726 1867 1784 iis
1922 1746 2072 1805 quae
2111 1726 2319 1789 Jerem.

102 1810 203 1883 31,
235 1811 344 1868 31.
380 1825 540 1886 sqq.,
580 1806 708 1866 Joel
745 1808 808 1880 2,
839 1807 943 1866 28.
994 1809 1104 1881 (al.
1140 1809 1205 1880 3,
1246 1807 1624 1884 1.)„Ezecb.
1660 1810 1766 1884 36,
1801 1811 1905 1870 27.
1950 1815 2055 1888 39,
2086 1815 2187 1873 29.
2232 1816 2323 1874 le·

99 1904 343 1974 guntur,
383 1893 459 1954 ad
500 1910 648 1972 quae
688 1894 822 1952 loca
864 1892 940 1951 cf.
982 1903 1109 1952 not.
1196 1892 1333 1954 Vid.
1377 1902 1435 1953 et
1472 1913 1649 1972 supra
1693 1897 1798 1969 44,
1829 1897 1892 1958 3.
1943 1897 2045 1973 51,
2083 1899 2180 1961 16.

1015 2197 1203 2260 cAP.
1280 2196 1419 2260 LX.

274 2319 337 2377 1.
419 2316 700 2395 Sequitur
747 2319 916 2378 aurei
969 2318 1187 2389 seculi,
1252 2317 1546 2397 dignitate
1598 2326 1778 2397 atque
1820 2319 2198 2396 ampliatione
2239 2325 2328 2383 rei

100 2400 378 2464 Judaioae
421 2403 812 2464 illustrissimi
848 2402 1071 2477 futuri,
1122 2402 1470 2481 descriptio,
1516 2403 2000 2482 splendidissimis
2042 2416 2328 2467 exornata

103 2487 483 2569 imaginibus,
525 2508 673 2565 quae
706 2504 892 2567 usque
923 2490 998 2550 ad
1027 2488 1201 2548 finem
1230 2487 1459 2567 Capitis
1493 2490 1594 2547 62.
1636 2489 1919 2550 decurrit.
1993 2491 2328 2570 Alloquitur

104 2587 292 2633 autem
336 2573 615 2652 propbeta
653 2574 873 2650 urbem,
914 2594 1037 2635 non
1069 2576 1350 2652 populum
1388 2571 1497 2652 (cf.
1526 2573 1631 2636 Vs.
1657 2578 1754 2634 10.
1782 2578 1878 2635 ll.
1901 2574 2048 2650 14.),
2089 2595 2328 2656 eamque

102 2661 584 2719 restaurationem
628 2672 686 2718 et
718 2680 934 2720 novum
964 2661 1137 2720 decus
1169 2677 1405 2736 sperare
1429 2660 1619 2735 jubet.
1702 2658 1878 2719 Prius
1909 2658 2082 2737 hujus
2107 2659 2328 2721 Versus

104 2743 571 2818 hemistichium,
626 2747 800 2833 3125&
842 2755 1073 2832 &nv-³2·
1116 2746 1271 2824 Ἳῆκ
1314 2754 1465 2832 ἠηρ
1522 2763 1741 2825 surge,
1781 2745 1946 2821 luce,
1989 2765 2126 2804 nam
2162 2747 2332 2807 venit

104 2828 207 2888 lux
253 2839 382 2905 tua,
421 2828 742 2890 Chaldaeus
779 2842 942 2888 recte
983 2831 1069 2888 sic
1098 2830 1405 2905 exposuit:
1441 2849 1645 2908 surge,
1686 2829 1948 2910 splende,
1988 2831 2333 2909 Jerusalem,

106 2934 238 2974 nam
296 2914 461 2973 venit
514 2924 743 2995 tempus
791 2914 1170 2976 liberationis
1224 2921 1386 2975 tuae.
1478 2914 1917 2975 Observandum
1964 2926 2157 2976 autem
2211 2929 2331 2992 est,

107 3003 409 3060 civitatem
461 3003 526 3061 in
580 3001 694 3059 hac
751 2999 1060 3079 prophetia
1112 2997 1220 3059 sub
1275 3000 1514 3080 gemina
1566 3000 1759 3080 figura
1815 3001 1984 3076 sisti,
2053 3011 2174 3061 tam
2217 3003 2333 3063 sibi

108 3086 384 3165 propria,
435 3087 749 3146 secundum
791 3105 965 3165 quam
1008 3088 1064 3146 ei
1104 3085 1449 3146 tribuuntur
1475 3094 1729 3166 portas,
1772 3087 1953 3161 nturi,
1994 3088 2334 3167 confluxus,

112 3183 168 3232 et
206 3171 481 3250 templum
517 3191 747 3251 quoque
789 3170 918 3245 (Vs.
951 3173 1082 3249 7.),
1122 3189 1293 3249 quam
1322 3170 1620 3246 feminae,
1673 3188 1841 3249 quae,
1886 3191 2067 3252 quum
2105 3175 2333 3234 sederet

111 3260 175 3317 in
209 3262 399 3329 luctu,
442 3257 579 3317 dum
616 3256 724 3315 filii
763 3261 912 3334 ejus,
955 3256 1016 3315 id
1053 3269 1165 3328 est,
1212 3258 1391 3331 cives,
1432 3254 1662 3331 disjecti
1698 3267 1930 3333 essent,
1976 3277 2132 3317 nunc
2171 3259 2335 3317 exci-

113 3356 272 3404 tatur
315 3341 393 3399 ad
430 3345 725 3401 meliorem
753 3352 943 3401 status
978 3346 1070 3402 sui
1101 3342 1570 3400 vicissitudinem
1602 3342 1974 3402 subeundam.
2032 3339 2123 3400 cf.
2159 3362 2336 3419 supra

114 3431 214 3502 52,
250 3431 308 3487 1.
394 3429 544 3509 ’ἾῚΒ
587 3427 1019 3487 Alexandrinus
1051 3427 1344 3504 ceterique
1372 3426 1585 3491 Graeci
1616 3429 1972 3501 interpretes
2006 3438 2171 3485 recte
2209 3450 2336 3502 φω-

113 3516 278 3590 πὶζρυ
307 3512 642 3572 illuminare
674 3512 1080 3586 reddiderunt,
1107 3515 1149 3570 i.
1169 3532 1221 3569 e.
1250 3513 1479 3570 vultum
1508 3529 1733 3586 serena,
1765 3530 1973 3572 sereno
2009 3513 2091 3570 sis
2122 3515 2341 3574 animo.

113 3600 262 3662 Nam
297 3596 546 3657 Verbum
593 3600 755 3670 niti,
808 3596 965 3675 quod
1006 3597 1329 3679 generatim
1372 3595 1767 3676 significatum
1809 3597 2046 3657 lucendi
2091 3598 2342 3673 obtinet,

118 3689 180 3745 in
215 3685 327 3745 Cal
366 3692 533 3742 notat
577 3682 950 3758 illucescere,
1010 3684 1346 3759 diciturque
1392 3679 1462 3738 de
1505 3691 1767 3758 tempore
1809 3686 2140 3760 matutino,
2187 3682 2342 3743 Gen.

117 3774 224 3844 44,
252 3773 292 3828 3
312 3810 332 3843 ,
377 3767 449 3826 de
491 3786 727 3841 aurore,
776 3768 983 3828 lSam.
1009 3771 1113 3842 29,
1138 3772 1263 3843 10„
1296 3766 1383 3824 ·de
1422 3768 1568 3839 sole,
1609 3765 1787 3828 Prov.
1816 3768 1881 3840 4,
1904 3770 2024 3840 18„
2065 3767 2347 3827 tribuitur

120 3847 262 3916 vero
308 3865 368 3913 et
411 3855 633 3926 oculis,
687 3857 788 3931 qui
832 3873 969 3930 prae
1008 3854 1162 3913 fame
1213 3861 1274 3909 et
1318 3851 1671 3911 lassitudine
1714 3854 2036 3932 caligantes
2080 3855 2346 3933 vigorem

121 3959 290 4001 suum
331 3939 658 4017 recipiunt,
726 3938 935 3998 lSsm.
967 3942 1081 4014 14,
1109 3940 1215 3999 27.
1245 3937 1387 4012 29.,
1448 3945 1510 3995 et
1552 3934 1692 3993 hinc
1735 3936 1846 3996 hoc
1885 3940 2017 3998 loco
2059 3937 2131 3998 de
2172 3940 2343 3997 vultu

122 4026 355 4086 laetitin'
396 4023 698 4082 renidente
740 4035 1085 4102 usurpatur.
1174 4024 1285 4083 Per
1328 4022 1514 4081 lucem
1561 4018 2007 4100 Hierosolymae
2053 4023 2349 4083 oriturum

124 4111 355 4169 felicem
403 4111 525 4185 ejus
567 4116 780 4168 statum
821 4111 1183 4191 significari,
1239 4109 1332 4167 uti
1375 4124 1552 4186 supra
1592 4104 1699 4180 45,
1730 4110 1790 4167 7.
1831 4107 1937 4182 58,
1970 4110 2033 4168 8.
2066 4111 2203 4180 10„
2243 4110 2352 4168 vix

128 4198 353 4255 monitu
408 4212 578 4272 opus.
662 4193 1050 4255 Hemistichio
1104 4197 1332 4266 altero,
1398 4203 1531 4281 ¹7²·st
1597 4187 1756 4281 ³13²&
1798 4196 1989 4284 Λήδη
2046 4196 2234 4281 Ἶῆῦξπ
2287 4198 2353 4250 et

126 4279 328 4358 gloria
351 4272 547 4341 Jovae
587 4296 773 4360 super
815 4287 877 4338 te
918 4282 1191 4355 orietur-,⁰
1244 4278 1528 4338 alluditur
1562 4279 1640 4338 ad
1671 4279 1882 4339 nubem
1911 4280 2096 4352 illam,
2139 4280 2353 4338 castris

132 4362 527 4428 israelitarum
560 4365 627 4428 in
662 4361 879 4427 itinere
906 4385 1013 4446 per
1040 4365 1287 4428 Arabiae
1317 4363 1668 4426 solitudines
1695 4361 2144 4443 incumbentem,
2183 4380 2352 4444 prae·
