2740 4864
368 232 521 307 626
726 332 727 335 ¹
970 188 975 193 Ι
1023 220 1375 324 Jefajas.
1493 232 1652 325 Cap.
1702 234 1821 320 47,
1889 256 1942 299 ι.

379 420 677 493 describit,
718 433 892 495 quam
934 424 1232 474 sumturus
1272 416 1353 473 sit
1394 416 1464 474 ‹le
1503 414 1863 494 Babyloniis,
1907 417 2011 494 qui
2040 419 2205 476 illum
2245 418 2310 491 in
2348 423 2620 492 potesta-

379 521 495 568 tem
538 523 705 564 suam
741 499 1036 560 redactum
1065 500 1442 560 inclementer
1471 499 1781 573 habebant,
1825 512 1884 559 et
1912 504 2221 575 imperiose
2253 498 2622 559 tractabant.

380 594 602 653 Totum
640 589 751 647 hoc
777 584 964 661 Caput
996 596 1265 644 versatur
1302 586 1364 641 in
1392 589 1718 645 enarrando
1752 588 1922 665 regni
1955 587 2308 664 Babylonici
2345 586 2620 641 interita.

381 677 550 748 Quod
593 681 993 753 argumentum
1036 679 1199 725 vates
1240 671 1325 726 ita
1362 673 1720 747 exsequitur,
1763 680 1830 729 ut
1863 669 2050 729 Deum
2082 670 2298 729 inferat
2330 685 2453 744 per
2483 686 2624 745 apo·

382 760 660 838 strophen
709 755 1060 829 Babylonem
1116 757 1593 830 compellantem,
1652 757 1818 831 eique
1876 768 2085 814 ornata
2144 755 2396 813 ratione
2463 771 2625 829 prae-

383 849 474 906 «lie
480 858 667 903 entem
713 849 977 898 extrema
1027 841 1216 911 mala,
1272 841 1437 912 justo
1491 858 1597 898 sno
1652 839 1874 913 iudicio
1920 842 2010 898 illi
2055 837 2437 919 infligenda·
2507 855 2627 894 esse

384 947 655 1009 magnam
696 928 857 984 illam
895 924 1119 999 urbem,
1161 934 1338 1000 caput
1380 926 1572 1007 regni,
1618 925 1995 999 dejiciendam
2038 925 2109 985 de
2149 933 2314 982 statn
2335 922 2626 999 imperii,

384 1011 885 1095 magnificentiae,
940 1009 1155 1079 luxus,
1205 1010 1280 1067 ad
1322 1018 1636 1069 extremam
1681 1008 2100 1084 humilitatem,
2159 1011 2536 1066 servitutem
2575 1017 2628 1063 et

384 1098 772 1198 ignominiam
809 1104 870 1150 et
913 1094 1143 1170 quidem
1189 1104 1278 1153 tot
1321 1104 1383 1152 et
1426 1104 1590 1153 tanta
1620 1096 1774 1152 mala
1820 1096 1879 1152 ei
1921 1095 2249 1154 obventura
2277 1111 2424 1151 esse
2460 1112 2512 1147 s
2497 1093 2629 1148 imni

387 1205 496 1245 nec
539 1182 799 1259 opinato,
841 1196 961 1235 non
999 1180 1238 1251 sensim,
1283 1179 1387 1237 sed
1424 1181 1638 1238 subito.
1725 1177 1994 1238 Ceterum
2022 1196 2259 1239 carmen
2295 1178 2428 1235 hoe
2463 1179 2628 1233 docte

388 1279 451 1328 et
479 1270 778 1345 eleganter
804 1264 1130 1323 illustravit
1172 1261 1235 1322 C.
1262 1265 1439 1324 Gun..
1467 1263 1638 1324 Jusn
1683 1266 1746 1322 in
1774 1265 2054 1341 peculiari
2081 1262 2628 1328 commentatione,

388 1371 538 1431 quae
568 1349 849 1425 inscripta
880 1357 1002 1406 est:
1045 1345 1377 1429 Triumph-
1398 1346 1641 1427 Gesang
1675 1348 1819 1407 iiber
1845 1346 2135 1426 Babylon,
2168 1349 2298 1409 Jes.
2333 1345 2507 1427 Gap.
2536 1347 2630 1402 47.

389 1437 691 1512 Marburg.
730 1432 911 1490 1789.
962 1434 1026 1489 ἰιι
1070 1443 1296 1507 octon.,
1339 1436 1587 1511 repetita
1633 1437 1694 1493 in
1733 1432 2070 1492 Carminum
2096 1431 2529 1492 Hebraeorum
2567 1428 2629 1485 ab

391 1523 587 1580 eodem
618 1523 939 1593 interprete
964 1518 1388 1577 illustratorum
1409 1518 1672 1599 Sylloge,
1696 1537 1844 1595 quae
1866 1517 2019 1576 hanc
2039 1520 2194 1600 gerit
2222 1514 2632 1598 epigraphen:

394 1601 721 1666 National-
745 1599 1023 1678 Gescinge
1062 1600 1171 1661 der
1206 1600 1509 1679 Heba-ezer,
1556 1604 1622 1664 Ρ.
1658 1602 1768 1662 111.
1810 1623 1872 1683 p.
1907 1605 2047 1662 173.
2080 1622 2207 1682 sqq.

571 1778 629 1834 l.
713 1772 1053 1850 Alloquitur
1101 1784 1264 1831 vates
1304 1771 1700 1851 Babylonem.
1758 1767 2042 1838 &az-na
2099 1768 2310 1863 2723er
2363 1790 2404 1828 ο
2457 1771 2636 1847 vsi-go

385 1861 567 1937 filiae
609 1855 884 1929 Babelt’s,
939 1871 1006 1917 ut
1050 1875 1229 1934 supra
1267 1859 1506 1931 23,12.
1551 1854 1737 1915 Sidon
1781 1837 2158 1934 compellatur
2217 1873 2376 1919 *nn
2423 1853 2520 1938 1722

397 1953 524 2032 *ζῆ-ι
530 1957 577 2025 ις
623 1943 799 2019 virgo
823 1940 1007 2015 filiae
1045 1941 1312 2019 Sidonis,
1360 1962 1467 2018 pro
1518 1943 1714 2021 virgo,
1752 1942 1903 2018 filia
1944 1939 2223 2016 Sidonis,
2262 1942 2341 2001 cf.
2386 1952 2522 2001 not.

398 2050 529 2087 eum
573 2031 686 2087 loc.
770 2025 900 2085 vid.
938 2036 1000 2084 et
1043 2029 1146 2100 37,
1174 2030 1278 2088 22.
1328 2027 1546 2086 Thren.
1586 2030 1642 2102 l,
1674 2028 1769 2086 15.
1854 2027 2180 2088 Societates
2222 2046 2436 2086 omnes
2481 2022 2640 2102 apud

401 2099 697 2173 Hebraeos
739 2111 937 2169 amant
976 2129 1162 2192 genus
1200 2113 1568 2186 femininum,
1608 2123 1669 2172 et
1710 2120 2024 2171 censentur
2063 2113 2267 2196 populi
2299 2125 2360 2171 et
2391 2111 2641 2170 urbium

400 2200 629 2258 incolae
669 2196 972 2255 civitatem
1014 2207 1118 2255 aut
1157 2198 1570 2276 rempublicam
1619 2198 1826 2256 habere
1867 2205 2154 2269 matrem,
2219 2209 2517 2276 tanquam
2560 2210 2641 2252 cx

402 2303 470 2342 ea
509 2283 677 2341 etin
717 2298 787 2338 ea
823 2282 983 2356 nati,
1039 2285 1258 2342 nutriti
1299 2291 1363 2340 et
1406 2282 1613 2352 adulti.
1701 2281 1789 2341 ff.
1839 2282 1936 2339 Ps.
1968 2284 2070 2355 87,
2103 2281 2163 2340 5.
2211 2283 2373 2341 infra
2423 2283 2537 2358 66,
2572 2280 2635 2337 8.

399 2365 1313 2438 Jerem.60,12.Cf.1.owm
1357 2366 1429 2425 de
1459 2363 1520 2426 S.
1549 2365 1960 2425 Hebraeorum
1989 2364 2167 2424 Poess’
2209 2366 2503 2426 Praelect.
2537 2365 2636 2423 13.

401 2476 453 2534 p.
490 2452 634 2511 156.
676 2406 770 2509 eti.
800 2451 1018 2527 Oxou„
1069 2473 1123 2529 p.
1155 2455 1291 2514 137.
1338 2451 1430 2510 ed.
1463 2452 1625 2530 Lips.
1716 2453 1887 2522 Quod
1928 2463 2123 2512 autem
2161 2449 2251 2514 rt':
2233 2468 2377 2546 'ana
2433 2448 2635 2527 tir-gi-

401 2557 533 2598 nem
572 2536 669 2594 hic
708 2534 1064 2616 Babylonem
1101 2550 1273 2598 vocat
1313 2548 1495 2610 vates,
1539 2540 1642 2597 alii
1682 2559 1750 2597 eo
1790 2536 2093 2612 referunt,
2129 2520 2287 2616 quod
2327 2520 2496 2594 esset
2531 2536 2633 2592 ms

403 2625 614 2682 civitas
658 2623 852 2680 mollis
893 2633 953 2681 et
994 2633 1228 2696 tenera,
1283 2633 1354 2681 ut
1394 2641 1532 2681 mox
1572 2627 1867 2702 sequitur,
1924 2623 1963 2680 i.
1994 2642 2049 2685 e.
2100 2627 2162 2682 in
2208 2641 2446 2680 summo
2488 2623 2632 2678 lm

404 2707 741 2782 deliciisque
780 2703 1049 2782 perdita3
1091 2710 1216 2778 alii,
1265 2726 1392 2765 cum
1423 2707 1711 2780 Kimchio,
1753 2703 1910 2786 quod
1948 2718 2088 2766 tunc
2124 2709 2410 2783 temporis
2461 2710 2632 2764 inex-

406 2800 672 2871 pugnata
715 2800 775 2848 et
816 2793 1020 2850 illaesa
1052 2793 1364 2850 mansisset
1409 2794 1481 2851 ab
1523 2794 1853 2870 irruptione
1897 2792 2114 2852 hostili.
2197 2792 2319 2852 Sed
2354 2811 2542 2868 quum
2573 2797 2636 2845 et

405 2879 574 2949 alias,
619 2871 722 2933 ubi
762 2886 973 2935 neutra
1010 2876 1216 2936 harum
1258 2877 1553 2936 rationum
1599 2881 1773 2951 valet,
1816 2879 2040 2936 nomini
2079 2891 2169 2941 na
2215 2878 2636 2978 praemittatur

407 2958 519 3038 rii-2³
497 2977 650 3048 nn,
692 2971 760 3015 nt
790 2960 1009 3020 Thren.
1042 2963 1100 3037 1,
1133 2961 1264 3036 15„
1307 2962 1407 3020 ubi
1453 2962 1522 3020 (le
1562 2964 1774 3039 populo
1806 2959 2126 3022 israelitico
2163 2964 2283 3037 jam
2329 2962 2396 3020 in
2443 2959 2631 3038 capti-

405 3025 647 3104 vitatem
694 3042 981 3119 abducto,
1029 3065 1137 3105 nec
1184 3065 1304 3105 non
1345 3048 1410 3118 2,
1441 3048 1535 3104 13.
1580 3046 1791 3107 Jerem.
1818 3048 1922 3122 31,
1950 3049 2053 3111 21.
2098 3057 2160 3105 et
2199 3044 2345 3105 ibid.
2385 3045 2630 3117 46,11.

405 3130 507 3188 ubi
548 3129 617 3187 (le
660 3127 932 3208 Aegypto
974 3134 1173 3190 multis
1214 3132 1475 3190 cladibus
1519 3131 1730 3191 affecta
1770 3144 1859 3189 est
1907 3151 2131 3209 sermo;
2202 3132 2445 3191 vilemr
2485 3128 2625 3188 illud

407 3227 633 3273 tantum
681 3225 926 3273 ornatus
983 3235 1157 3274 cansa
1199 3218 1359 3277 addi.
1444 3215 1616 3275 Hanc
1672 3220 1884 3320 itaque·
1923 3220 2211 3299 virginem
2269 3217 2626 3294 Babylonem

406 3311 568 3358 vates
603 3299 771 3377 jubet
817 3300 1188 3372 descendere,
1234 3312 1389 3444 ὴὲ),
1436 3317 1516 3360 sc.
1550 3302 1620 3360 de
1653 3304 1825 3373 solio,
1866 3304 1932 3360 in
1972 3323 2085 3380 quo
2127 3307 2378 3383 longum
2425 3302 2627 3380 regin·

404 3387 653 3444 sederat.
739 3384 1022 3472 ἰω-βξ
1078 3387 1230 3481 “qva
1337 3395 1365 3444 t
1408 3387 1550 3446 sede
1589 3404 1773 3466 super
1810 3388 2092 3465 pulvere,
2136 3391 2201 3448 in
2244 3388 2492 3466 pulvere
2530 3385 2625 3440 tle·

407 3470 645 3531 turbata
689 3467 757 3526 de
795 3474 947 3530 solio
989 3482 1049 3530 et
1081 3455 1310 3552 lugens.
1393 3471 1544 3531 Nam
1586 3476 1857 3551 lugentes
1900 3471 2064 3532 humi
2109 3472 2308 3533 sedere
2341 3472 2628 3532 sotebant.

406 3554 980 3628 vid.10b.2‚13.,
1036 3557 1138 3614 ubi
1182 3557 1355 3615 amici
1408 3555 1542 3616 Jobi
1596 3561 1787 3615 luctus
1841 3560 1937 3616 sui
1989 3558 2247 3617 testandi
2297 3575 2489 3613 eausa
2531 3570 2628 3629 per

406 3652 621 3716 septem
667 3641 790 3698 dies
836 3641 991 3717 apud
1032 3661 1163 3701 eum
1206 3642 1367 3700 humi
1411 3645 1630 3702 sedisse
1682 3651 2018 3703 narrantur.
2104 3644 2324 3703 Eadem
2371 3644 2630 3720 imagine

403 3728 469 3783 in
510 3726 693 3799 variis
727 3724 1066 3802 Vespasiani
1105 3736 1165 3785 et
1192 3727 1322 3786 Titi
1361 3733 1612 3786 nummis
1644 3727 1952 3786 exhibetur
1981 3730 2191 3788 mulier
2223 3727 2392 3785 humi
2422 3728 2631 3784 sedens

405 3809 511 3866 sub
551 3810 777 3887 palma,
822 3811 915 3868 vel
956 3808 1191 3887 hastili,
1248 3821 1604 3872 armaturam
1646 3811 1964 3871 Romanam
2007 3823 2381 3888 ostentante,
2445 3810 2634 3890 passis

405 3895 632 3971 capillis
673 3895 867 3968 capite
916 3896 981 3953 in
1027 3898 1331 3956 sinistram
1370 3915 1606 3957 manum
1647 3898 1850 3955 inclini
1894 3916 2174 3974 suamque
2213 3902 2427 3978 lugens
2475 3899 2636 3952 cala-

405 3982 688 4054 mitatem,
729 3997 858 4037 cum
899 3981 1314 4058 inscriptione.
1354 3979 1612 4056 Judaoa,
1654 3987 1781 4042 sive
1817 3982 2052 4042 Iudaea
2093 3993 2297 4063 capta.
2385 3984 2634 4052 Qualem

412 4082 706 4122 nummum
761 4082 892 4123 aere
952 4084 1288 4147 expressum
1348 4069 1484 4126 vide
1538 4070 1602 4126 in
1649 4068 1796 4127 Tab.
1832 4072 1893 4128 4.
1950 4068 2025 4127 ad
2081 4068 2155 4127 E.
2201 4070 2270 4127 A.
2318 4067 2630 4127 Semnan

412 4147 728 4227 Compend.
758 4146 1144 4227 Archaeolog.
1175 4151 1512 4211 Hebraeor.
1550 4152 1755 4213 Dresd.
1787 4155 1969 4213 1793.
2012 4153 2068 4211 8.
2156 4151 2455 4211 Convenit
2497 4151 2639 4210 baie

409 4234 654 4312 imagini
699 4235 949 4311 insignis
1001 4238 1168 4296 locus
1210 4238 1506 4296 Ammiani
1543 4238 1870 4298 Marcellini
1912 4238 2024 4315 (L.
2051 4235 2279 4298 XXX.
2321 4236 2471 4314 Cap.
2505 4236 2633 4309 5.),

405 4319 703 4378 narrantis
743 4328 1006 4379 extrema
1036 4319 1452 4398 Valentiniani,
1491 4325 1591 4401 qui
1617 4333 1789 4383 nocte
1817 4325 1942 4399 illa,
1984 4341 2154 4404 quam
2190 4325 2293 4381 lux
2339 4323 2396 4381 ei
2429 4322 2632 4382 fatalis
