2740 4864
285 222 441 301 578
813 218 1175 317 Jesojas
1252 226 1459 321 Cap.
1513 223 1635 315 ⁴9,
1693 223 1807 295 18.
1861 246 1971 318 ις).

290 426 359 478 ut
415 420 621 497 gentes
666 409 901 492 ingenti
936 410 1154 479 ¹studio
1212 410 1512 472 confluant
1557 410 1631 471 ad
1672 421 1940 491 montem
1969 411 2262 486 zinnem,
2327 423 2400 470 ut
2443 412 2536 472 ibi
2635 424 2644 436 ·

292 501 615 562 doctrinam
664 498 880 554 summi
916 490 1214 573 doctoris,
1256 496 1472 571 Jovae,
1511 499 1839 578 recipiant,
1888 515 2029 557 mox
2072 499 2375 559 convincit
2416 495 2536 556 Ju-

292 589 465 648 daeos
506 581 579 644 de
624 583 833 640 insano
873 601 1015 663 erga
1059 583 1311 641 nefarias
1349 586 1824 659 superstitiones
1835 582 2065 642 affectu.
2153 580 2246 642 cf.
2287 595 2416 643 not.
2455 581 2538 641 ad

293 678 356 748 2,
389 672 447 729 5.
530 664 745 754 rim-2⁴5,
798 681 905 729 ab
909 677 999 727 ΞιΓι
1043 675 1113 730 Β
1117 679 1318 762 Ἷιξῖτι
1368 667 1487 743 Et,
1538 688 1573 726 o
1622 670 1824 739 coeci,
1882 668 2194 727 intuemini
2237 666 2542 726 videndo!

294 776 441 839 quae
497 754 729 834 phrasis
780 734 1001 828 valet,
1042 733 1317 811 intentis¹
1344 753 1595 833 fixisque
1649 757 1715 814 in
1757 755 1984 834 aliquid
2035 754 2222 813 oculis
2267 753 2334 812 id
2382 771 2542 845 con-

295 844 587 923 templari,
633 857 755 898 non
794 839 979 898 obiter
1020 849 1123 907 aut
1164 840 1554 920 negligenter.

464 1014 562 1073 19.
622 1016 932 1103 *wag-D&
975 1019 1048 1070 ³2
1093 1014 1215 1089 ⁸¹2³.
1251 1020 1326 1071 ἰ73
1360 1007 1516 1080 Quis
1547 1019 1638 1068 est
1665 998 1896 1082 coecus,
1928 1007 2056 1066 nisi
2082 1026 2293 1066 servus
2323 1008 2543 1067 meus?

295 1101 454 1164 Male
491 1076 777 1176 plerique
792 1112 868 1152 ex
898 1074 1184 1153 Hebraeis
1227 1096 1572 1172 interpretes
1617 1111 1789 1154 servo
1831 1095 1958 1153 sive
1998 1093 2280 1151 ministro
2311 1092 2544 1166 Jonas,

302 1189 372 1248 de
415 1204 529 1263 quo
572 1178 669 1238 hic
709 1180 942 1259 agitur,
988 1178 1328 1257 prophetam
1369 1181 1624 1251 indicari
1639 1179 2045 1253 existimant,
2065 1168 2192 1257 ’qui
2235 1198 2311 1237 ex
2355 1198 2542 1239 sensu

298 1264 696 1333 ludaeorum·
679 1265 988 1341 impiorum
1021 1275 1082 1321 et
1111 1266 1417 1323 rebellium
1460 1283 1668 1331 coecus
1712 1275 1771 1324 et
1804 1265 2024 1323 surdus
2057 1261 2160 1320 bic
2190 1265 2544 1364 appelletur.

302 1356 421 1418 Sed
454 1349 620 1412 nulla
652 1359 743 1407 est
775 1346 1093 1423 dubitatio,
1138 1336 1397 1429 intelligi
1428 1349 1719 1431 populum
1746 1347 2138 1422 Hohl-aiom,
2182 1351 2282 1448 qui
2318 1366 2545 1407 servus

303 1440 428 1502 Dei
469 1446 751 1508 vocatur,
810 1436 949 1511 quia
995 1432 1069 1491 ad
1112 1434 1172 1493 id
1226 1438 1443 1495 electus
1487 1446 1615 1496 erat
1669 1454 1720 1493 ι
1749 1433 1915 1505 Deo,
1967 1445 2035 1491 ut
2079 1433 2205 1513 ipss·
2248 1433 2551 1507 serviret,

307 1528 352 1587 i.
385 1541 433 1581 e.
477 1540 610 1580 eum
652 1520 867 1576 coleret
909 1538 979 1574 ac
1025 1530 1409 1592 revereretur,
1451 1531 1522 1580 ut
1549 1521 1763 1581 diserte
1791 1536 1968 1597 supra
2007 1519 2115 1589 41,
2145 1521 2202 1576 8.
2229 1517 2288 1579 9.
2334 1518 2452 1591 44,
2493 1518 2548 1575 1.

306 1608 548 1668 dicitur.
653 1604 784 1670 Quo
840 1604 968 1681 ipso
1024 1620 1199 1661 sensu
1253 1608 1452 1665 statim
1513 1606 1729 1664 dicitur
1789 1622 1826 1662 a
1878 1603 2030 1661 Jova
2086 1598 2273 1696 Γιξιρες
2325 1597 2548 1664 'nean

306 1692 550 1753 nuntius
589 1705 750 1746 meus
803 1706 970 1764 quem
1013 1689 1275 1759 mittam,
1325 1702 1455 1750 erat
1495 1693 1649 1748 enim
1694 1687 1791 1746 hio
1832 1690 2092 1788 populus
2123 1669 2207 1747 ad
2244 1686 2306 1745 id
2355 1668 2552 1745 ‹sciti-

307 1786 506 1848 natus,
545 1785 615 1833 ut
646 1773 792 1830 alias
833 1782 1069 1851 gentes
1083 1773 1153 1830 ab
1188 1773 1480 1835 idolorum
1507 1776 1666 1833 cultu
1700 1782 1760 1830 et
1792 1772 2207 1848 superstitione
2237 1781 2552 1843 avocaret,

309 1871 371 1921 et
412 1860 487 1919 ad
528 1857 710 1916 Jovse
754 1858 1095 1935 religionem
1142 1857 1476 1920 adduceret.
1564 1858 1681 1918 Sed
1724 1855 1823 1919 hic
1865 1854 1988 1913 Dei
2029 1874 2237 1915 servus
2279 1865 2344 1913 et
2387 1874 2550 1913 nun-

308 1947 454 2018 tius,
501 1945 604 2021 qui
639 1941 771 1999 aliis
800 1941 1071 2021 gentibus
1106 1941 1347 1999 debebat
1378 1944 1734 2020 praelucere,
1776 1943 1901 2016 ipse
1931 1940 2125 2000 factus
2156 1951 2285 2000 erat
2325 1957 2551 1997 coecus

311 2042 372 2092 et
412 2027 652 2088 surdus.
736 2027 788 2085 A
831 2028 1040 2104 quibus
1081 2031 1405 2102 exspectari
1444 2029 1636 2106 potuit
1667 2036 1726 2083 et
1757 2025 1974 2098 debuit,
2015 2037 2080 2083 ut
2111 2028 2264 2084 alios
2292 2026 2551 2103 populos

310 2131 511 2176 veram
552 2110 898 2191 religionem
938 2112 1277 2193 docerent,
1309 2112 1355 2169 ii
1410 2114 1525 2191 ipsi
1581 2111 2037 2189 propensissime
2091 2112 2276 2168 animi
2322 2109 2550 2166 affectu

314 2204 380 2261 in
424 2197 795 2274 turpissimas
832 2196 1280 2274 superstitiones
1324 2196 1620 2267 seruntur.
1706 2195 1998 2255 Similiter
2027 2193 2308 2254 Ieremias
2345 2193 2408 2269 5,
2439 2193 2550 2252 21.

314 2302 483 2344 suum
537 2281 813 2359 populum
860 2283 1151 2357 increpat.
1209 2280 1435 2340 Audite
1493 2280 1637 2355 boc,
1682 2278 1926 2361 popule
1955 2279 2144 2337 stulte
2190 2288 2255 2337 et
2305 2297 2548 2355 vecors,

315 2370 421 2453 qui
461 2365 660 2424 oculos
700 2361 958 2440 habetis,
996 2363 1112 2424 που·
1142 2358 1421 2442 cerastis,
1465 2382 1646 2425 aures
1687 2364 1946 2441 habetis,
1992 2383 2099 2422 nec
2143 2363 2381 2424 auditis
2434 2380 2554 2423 etc.

315 2456 410 2516 cf.
453 2454 515 2524 4,
551 2453 742 2510 9.10.
830 2454 982 2512 Ante
1031 2446 1219 2513 17me
1274 2470 1399 2509 esse
1453 2451 1763 2543 *mitt-ng
1810 2449 2310 2522 subaudiendum,
2372 2470 2552 2509 nemo

315 2541 489 2600 facile
520 2535 823 2595 dubitarit.
907 2535 1049 2594 Plus
1078 2514 1435 2594 difficultatis
1466 2548 1556 2595 est
1595 2538 1658 2595 in
1690 2554 1758 2594 ea
1797 2553 1945 2611 quae
1980 2538 2249 2613 sequitur
2281 2536 2557 2594 ministri

314 2624 552 2694 lovani,
600 2624 724 2681 sive
766 2624 965 2698 populi
1006 2620 1277 2696 Hebraei,
1317 2623 1744 2698 appellatione,
1765 2615 2017 2706 obtin,
2062 2640 2235 2697 quam
2278 2619 2552 2679 Graecus

313 2706 747 2773 Alexandrinus
777 2709 1066 2781 interpres
1113 2705 1177 2766 οἱ
1209 2729 1335 2784 κυρ
1340 2704 1581 2778 εὕοντας
1612 2702 1838 2781 αὐτῶν,
1882 2708 1989 2785 9ιιι·
2014 2703 2409 2764 dominantur
2435 2707 2553 2778 eis,

315 2791 601 2865 reddidit,
659 2791 826 2869 quasi
872 2798 942 2852 n
918 2786 1081 2853 ²:an
1130 2793 1392 2869 legisset.
1478 2792 1602 2852 Nos
1650 2803 1842 2849 tamen
1889 2794 1990 2849 vix
2036 2791 2403 2863 dubitamus,
2451 2794 2554 2847 in·-

319 2888 628 2956 terpretem
672 2876 827 2954 quod
873 2877 937 2932 in
980 2893 1087 2932 suo
1130 2874 1326 2933 codice
1370 2878 1591 2953 reperit
1641 2872 1822 2937 0⁷:277:
1885 2878 1959 2934 iis
2008 2873 2323 2933 vocalibus
2369 2888 2557 2934 extu·-

317 2967 495 3036 lisse,
554 2963 763 3036 quibus
806 2978 1012 3017 sensus
1052 2958 1400 3032 efficeretur,
1463 2963 1563 3038 qui
1604 2978 1745 3018 suae
1788 2962 1978 3040 gentis
2027 2958 2244 3018 honori
2287 2958 2554 3020 faveret.

317 3050 469 3110 Aliis
524 3040 713 3107 ἰεῦ-11573
767 3054 857 3102 est
910 3046 1010 3102 cus·
1048 3063 1360 3124 repensum
1405 3055 1536 3119 est,
1595 3046 1727 3103 coll.
1766 3045 1982 3104 Jerem.
2022 3048 2134 3117 18,
2163 3045 2272 3143 20.
2312 3040 2557 3138 ῦξιρἶ

319 3199 548 3276 ἲιοίἷιιιι
566 3197 789 3274 hunc:
811 3171 1131 3291 quoniam
1187 3218 1508 3296 castigatus
1552 3225 1643 3274 est
1694 3225 1930 3292 propter
1983 3224 2221 3292 peccata
2273 3232 2421 3287 sua,
2484 3233 2557 3273 ac

322 3320 538 3384 poenas
592 3319 698 3378 pro
742 3303 951 3359 merito
1000 3318 1108 3357 suo
1152 3304 1413 3377 accepit,
1485 3299 1616 3360 ideo
1668 3301 1789 3372 iam
1836 3319 1945 3377 pro
1986 3304 2227 3359 insonte
2269 3297 2552 3360 habetur.

260 3455 283 3464 ,
323 3388 443 3449 Sed
485 3404 663 3465 quum
698 3382 948 3452 Verbum
993 3381 1134 3447 tabu-5
1181 3387 1245 3443 in
1284 3384 1392 3444 Cal
1428 3385 1809 3463 completum,
1846 3384 2231 3463 perfectum,
2273 3401 2558 3443 consan-

320 3481 544 3532 matum
584 3488 713 3530 esse
748 3470 1063 3552 significet,
1099 3451 1373 3548 plerique
1417 3464 1605 3564 ῦξιιῦυ
1656 3471 2037 3548 perficium,
2080 3478 2557 3528 consummatus·

320 3560 803 3634 interpretantur.
886 3555 1019 3615 lta·
996 3574 1115 3630 jam
1150 3536 1565 3632 Symmachus.
1590 3535 1696 3625 ’ὡς
1739 3549 1776 3615 ὁ
1818 3552 2066 3626 τέλειος.
2150 3554 2395 3612 chm
2442 3574 2555 3631 per

324 3650 394 3706 n
399 3654 492 3703 zm
537 3643 770 3720 integer
811 3643 1090 3717 exponit,
1147 3638 1460 3719 eodemque
1503 3640 1675 3700 modo
1717 3638 1930 3698 Abeu-
1948 3641 2137 3709 Esra,
2190 3640 2293 3714 qui
2350 3635 2552 3733 n'guin

321 3728 642 3805 integrum,
668 3728 1046 3806 perfectum,
1089 3726 1332 3784 eundem
1373 3744 1498 3783 esse
1539 3725 1626 3783 ait
1664 3734 1839 3801 atque
1886 3739 2055 3811 ρηκ
2083 3722 2382 3797 justum,
2397 3706 2554 3802 pro-⁸

327 3810 493 3886 bum,
538 3812 734 3890 pium.
833 3810 1092 3868 Eandem
1158 3806 1698 3887 interpretationem
1753 3811 1967 3888 probat
2024 3808 2551 3885 v1rmncs‚qui

328 3898 672 3974 ‚,populus,
671 3897 713 3930 ‘⁶
762 3897 991 3972 inquit,
1039 3892 1496 3970 „Israelitarum
1539 3896 1757 3954 dicitur
1794 3897 2118 3976 perfectus
2162 3902 2222 3951 et
2268 3910 2548 3951 consuu-

324 3989 524 4040 natus
566 3991 834 4057 respectu
867 3982 961 4039 sui
999 3979 1302 4056 instituti,
1345 3978 1503 4058 quod
1537 3981 1864 4057 respublica
1892 3980 2068 4058 hujus
2100 3978 2306 4057 populi
2347 3994 2388 4033 a
2418 3976 2550 4037 Deo

324 4069 454 4145 ipso
496 4067 793 4143 sapienter
833 4067 1143 4137 instituta,
1186 4076 1432 4143 uterque
1466 4075 1689 4139 status,
1732 4067 1926 4125 civilis
1970 4075 2030 4124 et
2069 4081 2252 4133 sacer,
2301 4066 2548 4138 optimis

320 4153 546 4231 legibus
584 4152 848 4210 munitus
886 4159 1074 4224 esset,
1131 4159 1192 4212 et
1233 4148 1393 4208 Deus
1427 4147 1578 4207 hanc
1614 4151 2027 4228 rempublicam
2070 4148 2352 4224 peculiari
2399 4167 2550 4226 qua-

176 4216 193 4226 ’
318 4234 449 4295 dam
503 4237 875 4315 providentia
920 4243 1173 4294 curaret.
1264 4232 1357 4293 cf.
1400 4231 1612 4292 Ezech.
1647 4237 1761 4307 16,
1796 4237 1857 4295 9.
1896 4237 1997 4294 10.
2054 4234 2238 4294 Deut-
2271 4233 2395 4305 32,
2438 4237 2543 4293 lo.

320 4321 420 4380 ll.
450 4341 609 4403 seqq.
624 4324 671 4360 ‘⁶
754 4319 1150 4399 Hieronymus
1192 4318 1574 4379 venundatus
1611 4319 1888 4412 reddidit.
1970 4320 2220 4381 Videtur
2263 4335 2301 4375 a
2341 4319 2540 4400 signi-
