2740 4864
475 280 844 379 Iesajas.
960 285 1126 381 Cap.
1166 284 1292 369 52,
1349 287 1550 354 13-—
1586 286 1701 351 15.
1812 284 1935 357 55.
2171 283 2318 360 681

97 471 241 532 huie
293 471 618 530 sententiae
668 469 899 549 obstat,
958 470 1116 549 quod
1174 471 1310 529 aliis
1355 469 1531 549 liujus
1575 471 1712 529 libri
1757 473 1906 532 loeis
1948 483 2113 530 vate·
2158 491 2329 534 suum

97 558 415 637 populum,
456 557 621 637 longi
663 556 833 614 exilii
872 555 1125 615 miseriis
1162 566 1475 630 vexatum,
1525 561 1719 636 justas
1765 559 2045 615 scelerum
2086 575 2325 616 suorum
2451 583 2456 590 ·

99 658 322 720 poenae
365 641 570 699 tulisse
614 643 848 701 asserit.
930 641 1119 700 Aliter
1168 642 1323 699 enim
1381 659 1511 698 eum
1565 643 1732 718 loqui
1775 661 2006 700 neeesse
2046 651 2174 715 est,
2228 642 2330 701 ubi

99 746 208 786 suo
253 727 438 803 ipsius
482 728 717 784 nomine
757 742 896 785 suos
943 726 1214 814 objurgat
1263 735 1324 782 et
1365 723 1708 806 redarguit,
1768 729 1977 798 aliter,
2032 726 2131 782 ubi
2180 729 2328 788 alias

97 822 325 892 gentes,
365 822 538 868 antea
574 814 791 886 populo
836 801 1103 869 Hebraeo
1145 810 1535 882 adversarias,
1573 808 1677 867 sed
1722 831 1878 870 nune
1918 810 1991 868 ad
2032 813 2326 870 meliorem

94 906 351 955 mentem
388 894 729 968 redeuntes,
774 896 949 975 eique
992 915 1056 954 se
1102 894 1406 954 adsociare
1456 897 1789 973 cupienter,
1825 894 1914 965 ,de
1955 914 2026 954 eo
2069 895 2329 955 dieentes

96 983 167 1040 in
208 981 462 1041 medium
502 977 799 1057 producit.
2349 981 2360 986 “

267 1107 361 1169 De
397 1107 619 1188 populo
653 1104 941 1167 Hebraeo
984 1106 1140 1169 hano
1182 1109 1379 1187 perioo
1423 1127 1517 1167 am
1566 1126 1772 1189 agere,
1836 1109 1995 1169 inter
2037 1120 2329 1170 nostrates

95 1193 656 1356 τξῖοοιῖωᾶοὲἰυιξὲἓῗκ
675 1192 1210 1338 Βῦοῗῗιὲῗῗέκῐῖ
1251 1191 2332 1379 {⁷0¹92Y⁸2q31fiiuillmd⁰pzrgsszgovffi

99 1366 206 1425 sed
243 1365 314 1423 ab
357 1363 492 1422 aliis
529 1362 950 1441 interpretibus
995 1364 1148 1423 idem
1193 1364 1585 1423 statuentibus
1625 1366 1690 1422 in
1733 1383 1802 1422 eo
1845 1362 2127 1438 diseedit‚
2176 1364 2333 1444 quod

98 1460 163 1512 et
194 1460 321 1509 toto
352 1445 558 1523 Capite
591 1447 691 1506 53.
735 1450 1012 1526 populum
1037 1446 1392 1522 Hebraeum,
1429 1469 1549 1509 non
1580 1460 1806 1527 gentes,
1851 1450 2015 1527 loqui
2044 1460 2330 1511 autumat.

99 1533 190 1593 Ut
228 1553 369 1593 vero
411 1535 589 1592 etiam
627 1534 692 1591 in
734 1535 809 1591 iis
856 1529 1080 1610 Capitis
1122 1535 1285 1594 illius
1330 1536 1477 1592 loeis
1520 1534 1763 1593 retineri
1804 1552 2017 1593 nomen
2054 1532 2332 1595 Judaieae

100 1620 362 1678 nationis
396 1620 604 1695 possit,
640 1619 742 1678 ubi
770 1619 899 1692 illa,
943 1618 1226 1678 distincta
1262 1637 1299 1676 a
1331 1620 1559 1679 civibus
1585 1616 1845 1692 ludaeis,
1885 1620 1962 1678 iis
1992 1621 2330 1697 opponitur,

98 1721 174 1763 ao
201 1702 551 1763 ludaeorum
583 1705 714 1763 loeo
755 1713 816 1761 et
854 1704 920 1762 in
961 1722 1160 1789 eorum
1191 1706 1440 1763 salutem
1474 1721 1690 1781 poenae
1720 1706 2045 1781 suscepisse
2074 1701 2330 1774 dieitur·

98 1806 261 1849 nova
301 1806 480 1866 eaque
521 1789 672 1847 mira
698 1790 830 1869 lege
866 1790 1158 1847 succurrit
1197 1789 1408 1848 doetus
1447 1790 1759 1864 interpres,
1800 1807 1947 1868 quae
1978 1790 2147 1863 jubet
2190 1788 2331 1847 dili·

97 1887 307 1953 genter
358 1871 670 1933 discrimen
726 1891 964 1933 servare
1023 1875 1182 1932 inter
1237 1891 1545 1951 personam
1589 1876 1826 1933 tertiam
1870 1874 2225 1950 singularem
2266 1883 2328 1931 et

98 1961 261 2018 inter
303 1958 544 2035 primam
577 1960 895 2036 pluralem3
936 1959 1050 2017 hae
1089 1957 1320 2038 quidem
1359 1958 1625 2038 singulos
1653 1958 1976 2039 significari
2005 1957 2326 2033 Israeliten,

98 2045 208 2103 iu·
251 2044 588 2103 universum
632 2046 910 2122 populum
954 2042 1397 2121 comprehendi,
1461 2047 1547 2101 ita
1588 2054 1655 2101 ut
1699 2045 1950 2118 civitas,
2009 2062 2181 2122 quam
2227 2043 2326 2102 ille

95 2132 446 2202 constituat,
488 2148 591 2207 per
631 2147 717 2202 se,
765 2138 1042 2207 tanquam
1084 2147 1266 2188 unum
1307 2138 1523 2202 totum,
1569 2129 1885 2208 cogitetur.
1957 2128 2089 2197 Qua
2130 2138 2326 2187 tamen

95 2218 333 2274 ratione
396 2231 571 2292 quam
628 2215 929 2288 implicata
999 2213 1282 2274 reddetur
1340 2211 1512 2288 hujus
1581 2215 1850 2273 vaticinii
1909 2214 2323 2290 interpretatio

94 2303 338 2378 ejusque
373 2317 577 2357 sensus
621 2316 794 2378 quam
834 2298 941 2359 fiat
982 2300 1287 2396 obscurus,
1329 2299 1593 2375 pluribus
1639 2300 1897 2358 ostendit
1935 2309 2143 2359 auctor
2180 2316 2327 2355 ano·
2419 2315 2424 2320 ·

95 2403 312 2462 nymus
360 2382 468 2443 der
494 2380 715 2458 Brt‘efe
762 2383 904 2443 iiber
946 2376 1076 2443 Jes·
1109 2387 1215 2446 53.
1261 2384 1326 2442 in
1377 2381 1486 2442 der
1529 2381 1858 2462 augemet'n.
1892 2379 2184 2444 Biblioth.
2219 2381 2329 2441 der

95 2470 231 2531 bibl.
265 2467 536 2531 Literat.
579 2472 653 2531 ab
683 2469 1047 2549 Ejebbornio
1088 2468 1284 2544 edita,
1329 2467 1460 2529 Vol.
1491 2467 1593 2528 vl.
1632 2468 1795 2529 Part.
1825 2468 1891 2530 6.
1931 2489 1989 2548 p.
2021 2468 2167 2526 932.
2195 2486 2325 2546 sqq.

265 2594 342 2655 Η.
372 2595 448 2657 Ε.
482 2597 557 2656 G.
593 2596 858 2671 Pauus,
894 2594 967 2655 V.
999 2596 1067 2658 S.
1093 2594 1190 2670 V„
1231 2597 1508 2655 ministro
1557 2595 1798 2670 divino,
1845 2597 2010 2672 eujus
2048 2593 2173 2653 fata
2214 2593 2329 2655 hoo

95 2682 448 2741 vaticinium
477 2681 773 2756 describit,
813 2700 937 2743 non
969 2693 1160 2742 totum
1202 2683 1478 2758 populum
1505 2679 1852 2756 Hebraeum,
1895 2683 1998 2741 sed
2030 2682 2329 2740 meliorem

96 2767 393 2824 duntaxat
448 2769 572 2842 ejus
634 2778 856 2844 partem
908 2768 1163 2847 intelligi
1207 2768 1548 2840 existimat,
1615 2766 1765 2826 fidos
1816 2767 1998 2826 levae
2049 2768 2328 2840 cultores,

93 2869 352 2930 quorum
395 2852 462 2910 in
501 2855 682 2912 exilio
733 2853 996 2912 conditio
1038 2854 1291 2925 misera,
1349 2868 1524 2928 quam
1577 2851 1691 2925 ipsi
1740 2851 1859 2911 fere
1883 2855 2166 2912 insontes
2222 2869 2328 2927 pro

95 2939 275 3014 eulpa
313 2939 497 2996 totius
540 2941 739 3015 populi
780 2934 1165 3016 pertulerint,
1225 2935 1340 2994 hoe
1382 2938 1621 2994 oraculo
1665 2934 2049 3016 depingatur,
2111 2937 2331 3013 pariter

96 3040 176 3080 ae
231 3020 478 3081 fortuna
528 3024 739 3082 laetior
795 3035 928 3101 post
975 3032 1311 3099 sequutura.
1403 3021 1590 3089 Quam
1636 3023 2179 3096 interpretationem
2220 3017 2333 3081 Vir

95 3108 477 3165 doctissimus
532 3109 795 3186 pluribus
852 3109 1127 3185 exposuit
1168 3116 1230 3166 et
1285 3104 1711 3164 eommendavit
1753 3117 1876 3166 tam
1925 3108 1988 3165 in
2031 3105 2332 3164 Memora-

96 3188 305 3265 bilz'en,
344 3190 414 3249 P.
438 3190 550 3252 111.
593 3212 651 3270 p.
689 3192 827 3252 175.
858 3211 1019 3270 sqq„
1063 3210 1238 3271 quam
1278 3192 1344 3248 in
1384 3189 1552 3248 Clavi
1590 3189 1859 3267 Jesajana
1897 3191 1971 3250 ed
2012 3190 2069 3249 h.
2104 3193 2143 3249 l.
2232 3189 2331 3250 llli

97 3288 301 3335 tamen
341 3281 667 3336 sententiae
707 3280 773 3337 in
803 3280 1139 3335 universum
1178 3276 1377 3335 obstat
1406 3274 1773 3352 potissimum
1819 3275 1951 3350 hoc,
1992 3274 2145 3355 quod
2190 3292 2330 3350 pro-

95 3359 314 3441 phetae
354 3379 476 3420 non
505 3365 696 3422 solent
737 3373 855 3421 tam
886 3363 1180 3421 subtiliter
1205 3360 1534 3419 discernere
1565 3362 1723 3418 inter
1752 3363 1951 3439 populi
1982 3361 2075 3418 sui
2106 3372 2330 3455 partem

97 3446 404 3505 meliorem
441 3459 500 3505 et
546 3446 927 3521 deteriorem,
982 3448 1178 3523 potius
1226 3456 1346 3505 tam
1385 3443 1487 3502 ubi
1526 3445 1867 3521 vituperent
1907 3455 1967 3504 et
2007 3444 2330 3520 minantur,

95 3548 281 3609 qnam
322 3529 423 3590 ubi
465 3533 711 3591 laudant
751 3543 811 3591 et
849 3533 1091 3590 meliora
1129 3532 1503 3609 promittunt,
1547 3547 1773 3607 semper
1814 3532 2155 3610 intelligunt
2195 3533 2330 3586 uni-

92 3632 340 3674 versum
371 3619 683 3693 populum;
722 3615 1344 3689 vid.43,1.15.23.
1385 3615 1673 3687 44‚1.6.
1759 3614 1855 3673 Pii
1896 3625 1958 3673 et
1994 3614 2165 3692 probi
2198 3616 2331 3691 qui-

97 3701 238 3758 dem
266 3718 682 3780 nonnunquam
710 3702 955 3761 seorsim
989 3702 1442 3778 compellentur3
1493 3699 1593 3757 sed
1620 3700 1748 3757 sine
1783 3700 2159 3758 distinetione
2190 3718 2331 3759 mox

95 3787 324 3844 iterum
364 3786 635 3845 universo
675 3788 894 3865 populo
936 3783 1516 3864 comprehenduntur.
1604 3784 1708 3844 Sio
1755 3782 1861 3858 51,
1907 3788 1966 3845 1.
2001 3786 2065 3842 7.
2112 3802 2333 3844 memo·

95 3877 325 3929 rantur
370 3871 720 3946 probitatem
768 3880 1055 3931 sectantes
1109 3881 1169 3929 et
1223 3871 1475 3948 gratiam
1517 3866 1697 3928 Jovae
1747 3871 2170 3945 implorantes;
2228 3871 2331 3930 sed

96 3955 173 4012 hi
216 3955 332 4031 ipsi
373 3954 559 4015 Versu
611 3955 959 4016 intermedio
1005 3959 1071 4018 4.
1129 3955 1332 4032 populi
1381 3954 1568 4013 totius
1623 3956 2019 4031 appellatione
2069 3972 2332 4030 eompre-

98 4038 470 4114 henduntur,
514 4052 573 4099 et
611 4061 751 4101 mox
789 4038 891 4100 Vs.
926 4043 1025 4102 13.
1073 4039 1286 4099 diserte
1325 4039 1599 4099 dicuntur
1639 4042 1733 4099 sui
1769 4041 2102 4100 *conditoris
2142 4039 2332 4098 obliti.

96 4123 352 4183 Nullum
390 4126 578 4203 igitur
619 4137 712 4185 est
749 4142 994 4205 usquam
1037 4126 1201 4185 servs·
1241 4124 1425 4183 Ionae
1472 4126 1707 4183 nomine
1747 4127 1978 4201 piorum
2024 4135 2084 4181 et
2126 4125 2334 4202 impio-

100 4227 240 4267 rum
272 4209 601 4270 discrimen.
684 4211 903 4289 Neque,
939 4230 1114 4289 quum
1145 4211 1424 4268 universa
1452 4210 1614 4268 natio
1658 4211 1724 4268 in
1753 4211 1933 4269 exilio
1972 4224 2333 4268 communem

102 4304 349 4369 experta
402 4296 482 4351 sit
534 4297 869 4370 miseriam,
936 4314 1052 4373 quo
1101 4306 1270 4374 paeto
1318 4311 1440 4352 una
1493 4297 1697 4372 populi
1751 4314 1889 4375 pars
1947 4313 2053 4372 pro
2105 4296 2336 4369 reliqua

104 4395 326 4455 poenas
364 4379 596 4441 divinas
637 4383 819 4441 luia-e
855 4393 1014 4440 reete
1056 4380 1173 4440 diei
1214 4378 1509 4455 potuerit,
1552 4392 1813 4460 apparet.
1899 4382 2030 4441 Alia
2073 4379 2143 4441 ‘in
2185 4379 2335 4437 hane
