2740 4864
318 232 468 307 336
754 218 760 225 ’
966 228 1333 325 Iesajas.
1449 235 1613 329 Gap.
1654 250 1774 323 22,
1841 256 1898 302 1.

320 424 446 497 ejus
487 436 707 499 angore
762 427 821 478 et
876 436 1097 496 pavore
1139 417 1213 479 ob
1260 419 1574 497 strepitum
1615 428 1680 478 et
1720 425 2067 497 apparatum
2107 414 2188 480 ad
2227 417 2558 501 defendem-

324 507 459 567 dam
504 504 703 564 urbem
760 506 1060 581 perculsus
1100 513 1275 564 esset.
1359 506 1524 575 Quae
1563 515 1625 564 et
1665 504 2051 564 Eicunoami
2100 515 2189 563 est
2228 507 2545 580 sententis,

322 591 421 651 die
461 588 628 650 hebr.
665 585 1035 669 Propheten,
1075 608 1131 668 p.
1158 590 1307 651 286.
1339 608 1495 668 seqq.
1582 590 1936 664 objecerunt
1975 590 2205 667 quidem
2249 591 2548 665 nonnulli,

326 678 560 736 obstare
602 672 816 733 Versus
870 683 1084 753 septem
1128 676 1349 753 priores
1367 713 1388 747 ,
1456 677 1521 732 in
1565 674 1772 753 quibus
1817 675 1971 749 mala
2014 677 2290 752 graviora
2337 675 2546 752 depin-

321 772 566 843 guntur,
605 776 778 837 quam
816 760 920 816 illa
953 769 1145 832 erant,
1188 760 1399 837 quibus
1432 758 1843 836 Hierosolyma
1883 775 2163 834 oppressa
2200 771 2330 819 erat
2368 777 2404 817 a
2432 760 2546 821 So-
2630 763 2634 767 ’

324 845 657 920 nacheribo,
701 844 802 920 qui
844 842 1206 902 obsidionem
1237 862 1377 903 mox
1409 846 1640 904 mittere
1677 843 2020 921 cogebatur.
2105 843 2182 925 Et
2215 845 2397 903 movit
2429 844 2546 905 hoc

322 930 729 1000 Vl'ramosm,
782 935 849 985 ut
885 929 1177 1004 geminam
1228 931 1294 987 in
1339 928 1452 987 hoc
1491 930 1775 988 vaticinio
1816 925 2257 1004 Hierosolymae
2301 931 2544 989 calami·

254 1000 259 1015 ‘
325 1024 511 1074 tatem
568 1012 816 1071 describi
868 1022 1066 1088 putet,
1127 1015 1566 1093 posteriorem,
1637 1030 1876 1089 eamque
1928 1015 2371 1093 gravissimam,
2436 1032 2546 1090 per

323 1098 719 1178 Babylonios,
765 1094 864 1158 Vs.
900 1099 931 1154 1
954 1127 1024 1138 -—
1053 1098 1145 1174 5.,
1194 1099 1502 1178 priorem,
1553 1109 1826 1176 tanquam
1869 1099 2209 1172 posterioris
2250 1117 2546 1176 praenun-

324 1187 505 1256 tiam,
567 1184 633 1239 in
671 1179 944 1241 Iudaeam
989 1181 1295 1242 adductam
1340 1203 1443 1259 per
1483 1185 1789 1262 Assyrios,
1828 1178 1932 1240 Vs.
1966 1182 2224 1241 6-14.
2310 1182 2548 1242 Placuit

322 1268 477 1326 idem
520 1259 800 1325 νόει-,ιω
845 1264 942 1344 (ἰιι
981 1277 1134 1326 nott.
1175 1269 1250 1328 ad
1292 1268 1636 1344 Grotium);
1694 1263 1800 1349 qui
1845 1268 2288 1345 descriptionem
2330 1268 2545 1344 prioris

325 1352 673 1412 calamitatis
731 1353 861 1411 ideo
909 1351 1223 1426 subjectam
1266 1355 1568 1412 existimat
1613 1371 1649 1411 a
1691 1362 1901 1428 poeta,
1955 1364 2024 1410 ut
2066 1354 2116 1411 is
2161 1353 2542 1432 popularibus

326 1454 561 1496 causam
609 1436 877 1494 miseriae
928 1454 1028 1515 per
1075 1435 1626 1497 Nebucadnezarem
1680 1437 1984 1510 inductae,
2053 1447 2252 1495 notam
2300 1437 2542 1512 faceret,

323 1538 473 1600 quae
516 1521 659 1577 haec
689 1518 905 1594 fuerit,
944 1523 1099 1598 quod
1140 1525 1424 1581 auxilium
1467 1521 1822 1595 humanum,
1873 1520 2024 1597 apud
2068 1532 2302 1581 exteros
2344 1520 2418 1579 ab
2463 1524 2542 1581 iis

325 1607 670 1684 quaesitum,
716 1605 918 1665 divino
962 1607 1187 1664 auxilio
1225 1609 1672 1684 praetulissent3
1714 1618 1783 1664 ut
1823 1607 2009 1686 igitur
2045 1590 2546 1689 exhiberet'ima·

326 1694 519 1771 ginem
575 1693 783 1749 auxilii
843 1690 1081 1749 humani
1137 1692 1427 1766 visibilis,
1489 1694 1553 1751 in
1610 1694 2033 1770 oppositionem
2087 1693 2298 1750 auxilii
2352 1691 2546 1750 divini

324 1775 658 1848 invisibilis,
703 1776 1039 1851 adiunxisse
1083 1787 1313 1854 poetam
1347 1774 1790 1854 descriptionem
1824 1793 2060 1853 operum
2088 1774 2354 1850 Hlskiae,
2394 1794 2545 1854 quae

326 1861 401 1918 ad
444 1860 815 1919 muniendam
863 1860 1325 1939 Hierosolymam
1382 1874 1519 1921 anta
1574 1859 1952 1921 Senacheribi
2007 1861 2318 1921 adventum
2375 1879 2546 1937 pere-

326 1947 531 2025 gisset,
568 1955 637 2002 ut
679 1946 1025 2017 ostenderet,
1068 1945 1209 2003 haec
1249 1944 1495 2005 Hiskiae
1539 1946 1697 2006 facta
1731 1965 1853 2004 non
1896 1947 2015 2006 nisi
2056 1957 2300 2005 conatus
2334 1944 2546 2004 huma-

326 2048 436 2088 nos
485 2028 685 2089 fuisse.
773 2032 934 2098 Quae
980 2028 1212 2107 quidem
1256 2034 1545 2108 expositio
1588 2042 1799 2110 arguta
1840 2031 2061 2111 magis,
2124 2049 2295 2107 quam
2343 2031 2543 2089 facilis

327 2121 386 2173 et
439 2131 580 2172 vers
634 2115 890 2174 videtur.
974 2114 1429 2176 Hinnommus:
1484 2115 1846 2192 „Referebat
1882 2114 2028 2175 mihi
2068 2114 2365 2177 Hebraeus
2408 2113 2544 2192 [qui

325 2197 551 2257 scilicet
588 2197 1010 2277 Hieronymum
1052 2202 1121 2258 in
1166 2203 1372 2281 lingua
1412 2199 1701 2260 Hebraica
1740 2199 2078 2278 erudiebat]
2100 2241 2118 2269 ,
2178 2211 2540 2278 praesentem

324 2284 610 2345 visionem
664 2303 784 2343 non
835 2288 1126 2363 pertinere
1177 2285 1252 2345 ad
1294 2286 1453 2344 illud
1509 2298 1772 2362 tempus,
1841 2305 1957 2362 quo
2000 2283 2544 2346 Nabuchodonosor

323 2366 645 2428 Jerusalem
690 2371 877 2448 cepit,
922 2381 983 2429 et
1027 2369 1361 2430 Sedecbiam
1400 2371 1660 2429 vinctum
1698 2371 1996 2448 oculisque
2036 2370 2324 2450 privatum
2366 2370 2541 2428 duxit

324 2455 389 2511 in
427 2452 818 2534 Babylonem,
877 2456 975 2513 sed
1015 2455 1090 2514 ad
1130 2455 1482 2515 senacherib
1526 2466 1822 2530 tempora,
1867 2457 2098 2533 quando
2144 2456 2341 2515 Sobna
2375 2454 2542 2515 Pon-

323 2538 477 2598 tifex
512 2555 786 2619 magnam
826 2549 1052 2616 partem
1096 2539 1356 2616 prodidit
1396 2542 1689 2615 civitatis,
1731 2551 1790 2598 et
1833 2551 2062 2600 tantum
2102 2540 2283 2613 Sion,
2325 2540 2385 2597 id
2427 2549 2541 2614 est,

323 2641 438 2682 arx
474 2632 533 2681 et
574 2625 873 2697 templum,
916 2641 985 2682 sc
1025 2624 1247 2682 nobiles
1288 2636 1728 2697 remanserunt,
1769 2627 1833 2683 in
1875 2628 2202 2704 exemplum
2238 2624 2542 2684 Romanae

207 2749 216 2762 .
317 2708 523 2780 urbis,
582 2709 730 2785 qu‘ae
785 2709 1142 2768 irruentibus
1184 2708 1374 2768 Gallis
1429 2712 1712 2786 patricios
1760 2721 1819 2770 et
1865 2709 2069 2771 florem
2107 2711 2432 2785 juventutis
2474 2712 2545 2768 in

317 2806 452 2852 arce
499 2794 774 2852 servavit.
787 2793 831 2828 ‘⁶

498 2962 554 3019 1.
598 2957 1042 3041 Inscriptionem
1074 2966 1349 3023 carminis
1374 2967 1542 3055 ῙἾἾΠ
1573 2977 1684 3048 &¹³3
1711 2969 1869 3052 Μὶν-ιζ
1884 2964 2201 3026 desumtam
2227 2983 2352 3024 esse
2378 2975 2543 3042 patet

321 3069 354 3109 e
370 3045 472 3106 vn.
490 3046 569 3121 5.,
586 3045 685 3105 ubi
697 3047 1235 3126 Hierosolymitana
1250 3052 1389 3109 urbs
1410 3049 1522 3107 hoc
1537 3053 1771 3108 nomine
1794 3051 2147 3133 insignitum
2176 3067 2358 3129 quare
2379 3050 2541 3110 infra

322 3133 572 3204 demum,
617 3131 717 3191 ubi
750 3133 825 3192 sd
852 3132 952 3191 Vs.
982 3132 1044 3193 5.
1085 3133 1503 3208 devenerimus,
1549 3130 1624 3195 de
1659 3133 1829 3209 huJus
1859 3137 2272 3213 appellationis
2300 3131 2538 3194 rationo

319 3214 627 3277 dicendum
671 3220 809 3278 erit.
862 3249 945 3260 —-
1004 3217 1073 3278 ln
1117 3221 1334 3278 medias
1378 3237 1472 3279 res
1513 3221 1671 3299 rapit
1709 3216 1926 3282 Noster
1967 3223 2265 3280 lectorem.
2349 3219 2539 3278 Sistit

318 3302 764 3364 commotionem
820 3313 881 3361 et
937 3305 1427 3382 perturbationem
1482 3307 1697 3364 civium
1739 3303 2401 3382 Hierosolymitanorum
2456 3304 2538 3364 ad

316 3388 529 3446 famam
560 3390 1078 3466 appropinquantis
1103 3389 1396 3447 exercitus
1426 3386 1683 3449 hostilis.
1767 3385 2049 3476 why-³2·
2088 3393 2256 3470 Μῦες
2291 3385 2540 3476 {fg-2722

318 3466 503 3552 τιῆλξξ
544 3467 678 3558 ,7²23
713 3472 880 3543 Quid
911 3473 1025 3531 tibi
1051 3471 1306 3545 tandem,
1349 3474 1510 3550 quod
1535 3474 1871 3533 ascendisti
1897 3456 2181 3532 {nicena
2219 3478 2283 3531 in
2321 3472 2535 3531 tecta?

216 3611 222 3622 ,
316 3555 437 3615 Pro
482 3558 648 3636 &Sne-t·
672 3550 905 3638 'legitur
948 3562 1037 3618 nb
1080 3555 1212 3631 hic,
1254 3561 1320 3616 in
1360 3560 1493 3617 cod.
1527 3578 1645 3618 uno
1687 3559 1975 3619 Rossiano
2022 3579 2063 3631 ,a
2103 3560 2290 3636 prima
2331 3573 2535 3631 manu,

318 3650 511 3716 et,‘ut
545 3643 797 3719 videtur,
847 3645 908 3700 in
950 3643 1069 3700 alio
1110 3640 1382 3720 quodam.
1466 3643 1639 3726 Legit
1677 3644 1930 3703 sortasse
1973 3661 2200 3720 quoque
2238 3646 2324 3701 ita
2353 3640 2535 3700 chal-

316 3725 530 3797 daeus,
593 3724 770 3785 habet
822 3728 977 3786 enim
1037 3738 1202 3808 Γζζζι.
1284 3725 1505 3786 Nostro
1559 3733 1691 3788 loco
1743 3728 2028 3806 particula
2073 3729 2178 3786 illa
2231 3726 2533 3786 commode

313 3818 516 3891 potest
554 3810 722 3870 reddi
766 3810 1042 3869 landem:
1087 3810 1232 3888 quid
1274 3809 1382 3869 tihi
1424 3814 1678 3888 landem,
1720 3822 1791 3872 ut
1832 3823 1979 3887 etc.,
2018 3831 2187 3891 quam
2229 3814 2352 3872 vim
2394 3810 2534 3868 aliis

313 3899 491 3956 etiam
527 3896 674 3955 locis
720 3896 965 3955 obtinet.
1058 3894 1252 3954 Tecta
1292 3898 1766 3956 conscendebant
1805 3899 2030 3958 incolae
2068 3896 2534 3975 hierosolymae,

313 3982 529 4059 partim
572 3990 640 4039 ut
681 3980 818 4038 inde
853 3990 1292 4057 prospectarent
1324 3985 1648 4042 exercitum
1692 3982 1961 4042 hostilem
2007 3985 2245 4059 ejusque
2280 3990 2531 4054 motum,

310 4067 526 4143 partim
580 4073 650 4122 ιιι
705 4066 1007 4124 securitati
1065 4077 1126 4122 et
1165 4066 1559 4127 incolumitati
1601 4086 1738 4127 suae
1779 4071 2181 4144 consulerent,
2241 4077 2347 4126 aut
2387 4083 2531 4123 vero

313 4149 489 4208 etiam
521 4168 586 4207 se
619 4166 695 4208 ex
724 4151 822 4224 iis,
859 4152 913 4208 si
951 4151 1122 4228 copia
1158 4149 1416 4225 daretur,
1460 4149 1851 4212 defenderent.
1934 4147 2121 4212 Moris
2151 4153 2332 4211 fuisse
2373 4148 2533 4226 apud

314 4235 685 4306 orientales,
743 4253 991 4312 quorum
1042 4233 1217 4313 plana
1270 4244 1329 4294 et
1387 4239 1660 4296 cancellis
1707 4239 1936 4297 munita
1986 4248 2124 4296 sunt
2167 4247 2328 4295 tecta
2369 4234 2526 4309 (vid.

308 4316 489 4381 Dent.
523 4320 641 4395 22,
676 4320 735 4381 8.
784 4319 998 4383 2Sam.
1030 4320 1134 4394 11,
1166 4315 1303 4400 2.),
1360 4329 1623 4402 tempore
1667 4324 2021 4404 irruptionis
2063 4322 2300 4383 hostilis
2349 4322 2417 4380 in
2456 4336 2534 4377 ca
