2740 4864
298 240 451 316 342
546 196 551 203 '
834 243 1179 344 Jesajas.
1294 250 1455 343 Cap.
1508 264 1628 329 22,
1676 267 1837 336 9——
1874 270 1978 312 ιι.

290 431 566 507 fissuras
608 434 765 495 muri
807 435 973 496 urbis
1013 433 1312 509 Danielis,
1301 451 1316 466 ·
1377 449 1481 508 per
1524 452 1696 511 quam
1738 440 2003 504 constat,
2048 433 2241 510 phrasi
2284 446 2524 514 recepta

304 518 586 579 historiae
626 538 863 597 sacrae,
921 521 1173 600 intelligi
1220 527 1476 576 montem
1519 518 1720 578 Sionis
1773 538 1904 577 eum
1948 520 2106 578 clivo
2148 521 2425 578 orientali
2468 523 2524 578 ei

304 604 585 678 subjecto,
626 624 793 686 quem
824 604 1043 676 David,
1086 604 1382 663 Jebusaeis
1421 613 1743 674 extortum,
1787 603 2024 678 proprio
2058 623 2224 662 muro
2269 606 2523 663 circum·

306 685 471 745 dedit
503 699 694 749 totum
729 689 799 765 (2
817 690 977 750 Sam.
1008 689 1071 760 5,
1100 690 1161 745 9.
1169 688 1217 762 ),
1263 688 1360 745 cui
1387 685 1689 764 Iosephus,
1724 643 1879 745 ’Bata
1915 687 2057 748 lud.
2100 688 2170 748 1„
2189 686 2289 746 ΥΙ.
2337 687 2404 755 Ο.
2438 692 2526 764 6.

303 773 629 850 sexaginta
681 784 874 849 turres
922 774 1053 832 dat.
1124 772 1381 831 faciebat
1434 781 1632 830 autem
1680 778 1922 851 par-tem
1981 772 2309 832 australem
2365 775 2524 833 urbis

302 856 764 937 hierosolymae.
848 857 972 918 Has
998 858 1275 933 fissuras
1316 868 1488 934 poeta
1523 857 1653 916 vult
1686 855 2251 935 Hierosolymitanos
2295 858 2522 933 videre,

301 940 362 1000 1ι.
393 961 447 1001 e.
493 943 807 1025 diligenter
842 945 1150 1021 inspicere,
1194 943 1580 1015 considerare,
1622 951 1908 1020 quatenus
1950 942 2081 1001 urbi
2113 946 2355 1003 nocivae
2397 964 2525 1002 esse

299 1035 564 1104 possent,
602 1039 659 1086 et
688 1046 804 1104 qua
834 1031 1052 1104 optima
1077 1028 1305 1085 ratione
1331 1026 1497 1085 refici
1527 1044 1598 1083 ac
1629 1028 1906 1103 reparari.
1992 1038 2229 1128 ὐ-Πις
2270 1040 2525 1117 wastin),

302 1114 687 1198 Πῠῆτηηηῃ·
710 1123 948 1201 rin-sm]
1002 1111 1089 1171 Ee
1146 1111 1538 1189 congregatis
1600 1126 1791 1191 aquas
1840 1112 2118 1190 piscinae
2171 1096 2522 1187 infer-ibris.

302 1176 674 1254 obturabant
715 1201 868 1256 cives
876 1178 1424 1273 Hierosolymitani
1463 1214 1663 1254 omnes
1710 1204 1936 1253 meatus
1977 1206 2036 1254 et
2069 1214 2252 1283 aquae
2284 1197 2524 1272 ductus,

299 1298 406 1356 per
449 1299 595 1357 quos
637 1283 892 1362 piscina
942 1282 1210 1356 inferivs·
1262 1282 1336 1338 ad
1383 1282 1577 1339 varios
1628 1298 1769 1339 usus
1824 1289 1997 1338 extra
2044 1284 2240 1340 urbem
2284 1285 2409 1341 late
2458 1303 2525 1341 se

300 1362 664 1439 effundebat,
728 1378 797 1425 ut
852 1364 1012 1426 illius
1069 1383 1254 1446 aquae
1310 1364 1386 1424 ad
1439 1382 1612 1424 usum
1673 1366 1831 1425 urbis
1882 1367 2043 1423 intra
2093 1370 2525 1445 receptaculum

295 1449 558 1526 piscinae
598 1454 875 1511 collectae
914 1460 1236 1510 manerent.
1326 1447 1415 1507 Cf.
1458 1452 1696 1508 omnino
1738 1460 1867 1508 not·
1911 1449 1986 1509 ad
2028 1452 2091 1523 7,
2124 1452 2186 1509 3.

471 1534 571 1593 1⁰·
665 1543 932 1630 ῦτ-ιῆξῦ
990 1534 1230 1624 ῦξῖρῆ-ιῖ
1296 1546 1618 1625 *qa-2737
1675 1533 1762 1592 Et
1815 1534 2012 1594 domos
2065 1533 2525 1615 Hierosolyma

296 1619 664 1693 numeratis,
732 1605 797 1681 i.
816 1641 866 1679 e.
916 1598 1231 1680 recensetis⁸
1288 1628 1347 1676 et
1394 1599 1754 1678 ¹recena‘endo
1813 1621 2124 1700 diligenter
2180 1623 2522 1699 inspectatio

294 1702 447 1781 (quo
488 1722 662 1764 sensu
697 1704 931 1765 verbum
971 1714 1105 1769 ’πυ
1150 1716 1211 1763 ct
1256 1702 1356 1763 l’s.
1400 1703 1538 1778 119,
1568 1705 1673 1764 26.
1721 1703 2004 1782 sumitur)
2048 1708 2253 1763 domos
2298 1704 2522 1767 Hiero-

294 1789 696 1865 solymitanas,
734 1800 801 1850 ut
829 1772 1109 1862 videatis,
1144 1808 1290 1866 quae
1320 1807 1520 1846 earum
1546 1807 1677 1848 cum
1707 1789 1946 1848 minimo
1979 1789 2137 1847 urbis
2172 1788 2523 1852 detrimento

295 1882 357 1931 et
398 1875 463 1931 in
506 1892 673 1934 usum
710 1876 1237 1934 commodissimum
1284 1874 1439 1930 dirui
1479 1875 1707 1947 possint
1749 1873 1825 1932 ad
1864 1893 2093 1932 murum
2135 1877 2525 1952 reparandum

293 1956 784 2038 muniendumque
832 1959 1113 2019 turribus.
1198 1957 1287 2018 cf.
1336 1956 1612 2019 zehron.
1645 1960 1751 2035 32,
1784 1962 1843 2018 2.
1875 1977 1998 2038 sqq.
2046 1957 2144 2016 ubi
2183 1962 2357 2032 ratio,
2403 1981 2525 2040 qua

190 2058 194 2067 ·
292 2039 537 2107 Hiskias
568 2044 764 2105 urbem
799 2055 1003 2103 contra
1030 2042 1227 2108 hostes
1255 2042 1533 2116 munivit,
1577 2052 1910 2118 enarratur,
1949 2046 2122 2121 plane
2155 2063 2286 2104 cnm
2319 2062 2525 2107 nostro

290 2136 427 2187 vate
466 2129 860 2188 consentiens.

465 2211 570 2273 11.
657 2212 901 2304 -ιιιιὴῃ
956 2222 1193 2275 rra-mn
1248 2207 1368 2305 πῂ
1421 2221 1491 2275 ιι
1476 2211 1702 2297 ‚tyni-¹27,
1757 2224 1861 2301 ΓΞ
1912 2217 2130 2305 ιιιιιῑιιξ
2181 2223 2387 2307 ιηριιι
2437 2214 2526 2276 Ee

290 2278 842 2401 congregationem-⁸
860 2280 1142 2378 aquaruni
1161 2278 1428 2374 facit's'a
1489 2300 1656 2357 inter
1710 2298 1857 2359 duos
1912 2278 2130 2357 muros
2168 2318 2289 2379 pro
2342 2301 2523 2379 aquis

279 2384 562 2464 piscinae
602 2383 852 2442 veteris.
938 2377 1161 2444 Sensus
1194 2394 1307 2458 est,
1348 2395 1506 2444 recte
1539 2386 1885 2446 observante
1913 2382 2206 2464 Viti-inge,
2245 2383 2525 2447 Hiskiam
2587 2400 2604 2423 ‘

289 2486 488 2550 regem
528 2466 757 2529 fontem
801 2466 1052 2528 G's'lzom’s
1096 2470 1221 2528 sive
1261 2467 1544 2540 Siloams’,
1606 2472 1710 2549 qui
1752 2480 1879 2529 erat
1922 2481 2092 2528 extra
2136 2471 2331 2529 urbem
2379 2491 2521 2548 pro-

289 2555 447 2613 xime
490 2555 794 2613 occiduum
841 2564 1093 2614 tractum
1137 2558 1357 2614 montis
1395 2555 1628 2629 Zionis,
1669 2569 1744 2615 e'x
1787 2556 1951 2629 cujus
1989 2553 2280 2613 radicibus
2321 2568 2524 2616 scatu-

288 2638 499 2711 riebat,
542 2638 988 2699 circumdedisse
1016 2656 1209 2712 muro,
1254 2632 1365 2719 qui*
1394 2642 1665 2718 utrinque
1699 2657 1866 2699 muro
1900 2638 2109 2697 Zionis
2145 2642 2525 2721 jungeretur,

290 2731 353 2781 et
394 2726 553 2784 inter
600 2721 746 2782 duos
785 2742 982 2783 muros
1027 2722 1236 2785 fecisse
1279 2743 1552 2806 magnam
1594 2726 1877 2795 scrobem,
1922 2726 1985 2783 in
2023 2742 2193 2802 quam
2227 2723 2527 2785 derivaret

288 2824 471 2888 aquas
510 2808 791 2887 piscinae
832 2810 1079 2882 ceteris,
1129 2808 1185 2867 b.
1216 2831 1265 2869 e.
1298 2814 1512 2893 regiae,
1557 2828 1629 2868 ne
1662 2809 1926 2869 hostibus
1955 2810 2215 2888 Assyriis
2252 2811 2315 2867 in
2346 2828 2525 2871 nsum

290 2893 614 2972 prodesset,
654 2904 736 2966 et,
778 2904 846 2954 ut
888 2893 1124 2958 baberet
1166 2894 1324 2967 fons,
1366 2914 1483 2977 quo
1531 2913 1595 2952 se
1632 2905 2015 2968 exoneraret,
2059 2895 2349 2953 obturatis
2389 2900 2523 2973 ejus

292 2976 601 3062 profluviis
642 2997 847 3042 versus
892 2987 1152 3042 veterem
1187 2983 1347 3039 illam
1380 2980 1724 3060 piscinam:
1767 2981 1883 3053 vel,
1919 2999 2120 3061 regem
2150 2998 2255 3055 per
2287 2983 2525 3039 canales

291 3057 705 3126 subterraneos
749 3082 931 3143 aquas
975 3065 1159 3125 fontis
1205 3066 1405 3126 Siloae
1460 3067 1696 3124 duxisse
1744 3066 1810 3123 in
1860 3065 2041 3143 ipsam
2088 3062 2290 3123 urbem
2340 3082 2529 3144 supe-

290 3148 553 3220 riorem,
611 3149 808 3208 excisa
846 3149 929 3208 ibi
971 3151 1195 3252 piscina
1233 3153 1298 3209 in
1334 3167 1504 3209 usum
1549 3148 1754 3208 barum
1800 3167 2119 3227 aquarum,
2167 3167 2315 3226 quae
2356 3162 2525 3230 tege-

288 3242 453 3292 retur
494 3252 530 3292 a
574 3228 798 3293 duobus
844 3238 1061 3306 muris,
1104 3237 1399 3294 exteriore
1441 3243 1500 3292 et
1547 3236 1849 3293 interiore.
1938 3233 2274 3304 Dubitatur,
2319 3244 2522 3293 utrum

292 3317 548 3418 &miv-g
612 3323 848 3413 ‘nnn-:⁸57
896 3320 1152 3421 piscina
1192 3330 1361 3379 vetus
1412 3322 1493 3378 sit
1533 3319 1770 3392 cadem,
1825 3336 1972 3397 quae
2013 3330 2187 3377 antea
2233 3317 2371 3393 (Vs.
2414 3315 2526 3396 9.)

522 3471 882 3496 ......

289 3586 556 3634 vocatur.
612 3571 916 3633 Posterius
949 3578 1190 3636 omnino
1224 3583 1315 3633 est
1347 3576 1727 3652 probabilius,
1764 3592 1885 3633 non
1917 3552 2145 3632 tantum
2169 3555 2326 3639 ideo
2360 3575 2524 3650 quia,

291 3659 344 3716 si
389 3659 670 3738 propbeta
709 3657 807 3717 hic
851 3660 923 3718 dc
967 3660 1165 3720 eadem
1206 3641 1549 3742 loqueretur
1595 3662 1856 3735 piscina,
1923 3677 2044 3717 non
2093 3659 2367 3717 credibile
2410 3670 2524 3730 est,

292 3747 528 3803 nomine
555 3744 787 3810 diverso
818 3762 944 3804 eam
972 3748 1313 3825 appellasse,
1347 3763 1553 3804 verum
1581 3756 1642 3805 et
1673 3745 1827 3823 quod
1858 3746 2009 3804 ratio
2037 3743 2344 3803 manifesta
2374 3743 2526 3803 illud

292 3831 570 3906 postulat.
658 3829 852 3898 Quum
891 3830 1049 3889 enlm
1083 3839 1250 3898 extra
1290 3831 1491 3890 urbem
1528 3827 1927 3891 duae‘fuerint
1956 3829 2214 3908 piscinae
2247 3832 2523 3903 majores,

294 3932 442 3991 quae
471 3912 736 3972 hostibus
755 3915 890 3973 usui
909 3932 1036 3973 esse
1063 3925 1323 3995 possent,
1341 3933 1601 3993 quasque
1628 3915 1970 3992 prudentiae
1998 3922 2126 3972 erat
2151 3914 2522 3986 intercipere,

296 4015 369 4055 ne
414 3998 479 4057 in
522 4016 724 4072 corum
763 4001 1032 4059 venirent
1077 4010 1459 4078 potestatem3
1509 4000 1654 4060 ordo
1687 4000 2046 4075 ιωιτιιίοιιίιι
2081 3998 2388 4078 exigebat,
2433 4008 2520 4070 ut,

296 4093 602 4159 postquam
650 4080 895 4143 dixisset
937 4085 1260 4165 propbeta,
1321 4086 1613 4163 quomodo
1667 4077 1825 4143 cives
1868 4085 2309 4141 inter-verterint
2351 4098 2519 4140 usum

302 4168 564 4245 piscinae
594 4166 942 4243 inferioris,
982 4181 1244 4228 moneret
1273 4173 1476 4245 etiam,
1515 4169 1808 4249 quomodo
1839 4170 2106 4227 curarint
2132 4167 2526 4245 superior-ess,

300 4254 428 4310 sive
472 4254 726 4334 regiam.
814 4252 1084 4315 ceterum
1128 4253 1226 4312 hic
1258 4256 1426 4313 locus
1464 4258 1712 4315 multum
1738 4257 1888 4313 lucis
1921 4255 2075 4330 capit
2120 4271 2154 4309 e
2184 4253 2528 4309 narratione

301 4334 583 4397 2Cbron.
613 4339 723 4413 32,
753 4339 815 4398 2.
846 4358 975 4421 sqq.
976 4382 998 4418 ,
1041 4358 1213 4419 quam
1244 4338 1345 4399 hie
1373 4341 1697 4401 adscribere
1727 4327 1967 4422 longum
1994 4337 2168 4397 foret.
2240 4334 2308 4394 ln
2339 4338 2528 4397 altero
