2740 4864
264 230 423 307 372
908 223 1276 325 Jesojas.
1394 231 1846 327 Cap-24‚1.
1968 203 1974 211 ι

272 420 489 494 habet,
540 418 619 477 de
660 415 1008 495 Babylonici
1044 417 1217 497 regni
1261 415 1511 476 interitu
1551 418 1865 478 vaticinati
1906 427 2050 478 sunt
2088 421 2331 480 nomine
2377 424 2508 499 ejus

196 562 203 571 ,
273 500 606 589 appellato?
690 499 876 561 Porro
917 512 1149 579 praeter
1191 505 1668 578 paronomasias,
1722 502 1795 562 de
1832 504 2043 582 quibus
2086 507 2363 580 diximus,
2407 528 2511 567 se-

274 594 450 651 rioris
498 588 688 663 Jesajd
733 591 950 646 aetatis
999 598 1174 646 notas
1218 587 1504 647 Gesenius
1557 587 1732 647 affert
1788 601 1851 647 et
1904 592 2223 649 nonnullos
2270 592 2510 653 dicendi

279 678 524 747 modos,
585 674 688 751 qui
728 672 961 751 quidem
990 684 1073 749 et
1127 674 1193 730 in
1246 673 1677 751 antiquioribus
1721 674 1956 732 vatibus
1998 676 2511 753 deprehenduntur

275 761 364 843 (v.
396 781 446 820 c.
487 762 594 833 24,
625 760 681 818 6.
716 761 775 816 7.
809 760 910 820 11.
952 758 1085 816 coll.
1118 756 1272 843 {psl
1310 759 1369 829 1,
1402 757 1464 816 6.
1499 758 1602 819 10.
1639 762 1739 819 12.
1775 761 1949 833 16.)‚
1993 762 2092 819 sed
2138 780 2285 838 quos
2326 763 2394 820 V.
2425 760 2510 821 D.

275 865 315 908 a
354 846 575 909 Nostro
629 843 704 903 ad
761 850 962 902 eorum
1023 843 1417 901 imitationem
1471 863 1782 921 expressos
1838 864 1963 903 esse
2002 844 2250 921 judicat.
2340 849 2512 917 Quae
2567 866 2572 879 ·

275 941 475 993 tamen
533 940 624 989 est
678 928 986 988 admodum
1033 929 1265 987 incerta
1316 939 1381 986 et
1434 928 1664 989 lubrica
1695 930 2064 1005 conjectura.
2148 931 2276 991 Nec
2316 933 2509 1011 magis

276 1020 556 1077 seriorem
597 1012 788 1088 Jesaja
839 1022 1089 1072 aetatem
1142 1010 1288 1071 mihi
1338 1014 1589 1088 probare
1642 1014 1917 1074 videntur
1970 1004 2164 1075 cesstae
2218 1017 2508 1093 quaedam

274 1105 553 1164 notiones
585 1098 968 1180 theologicae,
1007 1114 1152 1177 quas
1184 1096 1470 1157 Gesenius
1499 1098 1771 1175 Jesajana
1798 1112 1994 1158 aetate
2024 1105 2176 1160 inter
2207 1101 2512 1160 Hebraeos

277 1190 580 1247 exstitisse
634 1192 855 1263 negat,
918 1184 1283 1262 potissimum
1335 1188 1785 1244 resurrectionis
1834 1193 2203 1245 mortuorum
2258 1189 2363 1258 26,
2404 1186 2510 1245 14.

284 1276 385 1332 19.
416 1274 556 1342 2o.‚
604 1270 769 1343 cujus
808 1269 1109 1328 doctrinae
1148 1270 1407 1348 vestigia
1447 1271 1603 1343 apud
1640 1270 2005 1330 Ezechielem
2047 1267 2274 1330 deru'um
2314 1273 2419 1345 37,
2449 1270 2512 1332 5.

277 1376 442 1435 seqq.
485 1354 771 1413 Gesenius
813 1352 1161 1431 deprehendi
1206 1356 1309 1412 ait.
1397 1353 1516 1413 Sed
1561 1358 1830 1431 quisnam
1873 1354 2269 1416 demonstrare
2310 1367 2512 1433 queat,

209 1462 218 1473 ·
277 1442 503 1519 Jesajae
539 1448 729 1496 aetate
768 1442 930 1498 illam
960 1439 1290 1521 doctrinam
1331 1441 1493 1498 inter
1522 1438 1821 1500 Hebraeos
1849 1440 2104 1500 nondum
2140 1460 2267 1500 esse
2301 1444 2510 1521 cogni-

278 1524 445 1586 tam?
529 1522 740 1583 Nonne
781 1527 976 1602 potius
1020 1541 1097 1581 ex
1137 1532 1347 1583 nostro
1392 1527 1686 1599 carmine,
1743 1545 1920 1603 quum
1961 1528 2019 1585 ei
2055 1537 2312 1584 ceterum
2357 1525 2512 1586 nihil

279 1612 449 1682 insit,
489 1608 647 1686 quod
671 1607 943 1686 Jesajano
975 1627 1118 1667 aevo
1150 1621 1465 1691 repugnet,
1496 1610 1888 1688 Assyriorum
1916 1631 2056 1670 vero
2083 1620 2144 1669 et
2173 1610 2513 1690 Aegyptio-

284 1716 417 1756 rum
443 1692 723 1754 Hebraeis
742 1694 1106 1754 infensorum
1124 1694 1281 1752 facta
1305 1696 1529 1754 mentio
1558 1697 1649 1754 illi
1677 1697 2011 1769 conveniat,
2040 1697 2319 1776 colligere
2344 1697 2512 1774 licet,

281 1782 583 1843 Hebraeos
621 1781 739 1853 jam
783 1790 908 1838 tum
944 1791 1313 1839 mortuorum
1353 1782 1857 1839 resuscitationem
1896 1778 2305 1860 exspectasse?
2363 1838 2376 1855 ,

454 1865 680 1925 Korra
739 1863 930 1943 Caput
979 1863 1086 1925 24.
1148 1867 1505 1926 carminibus
1563 1863 1789 1924 duobus
1843 1879 2119 1925 constare
2174 1868 2512 1938 existimat,

282 1970 532 2033 quorum
562 1951 830 2030 primum
867 1951 1008 2011 inde
1049 1968 1087 2008 a
1114 1945 1306 2009 Versu
1347 1953 1538 2028 primo
1577 1969 1760 2027 usque
1794 1951 1868 2010 ad
1906 1955 2174 2029 quintum
2204 1952 2514 2029 decimum,

284 2039 541 2099 alterum
596 2054 633 2093 a
672 2032 776 2095 Vs.
828 2048 997 2096 sexto
1047 2034 1269 2094 decimo
1322 2055 1510 2113 usque
1566 2037 1642 2094 ad
1697 2035 1870 2094 finem
1925 2039 2231 2113 pertineat.
2317 2038 2398 2096 Et
2446 2039 2514 2095 in

286 2124 546 2182 carmine
591 2120 823 2199 quidem
864 2122 1051 2200 priori
1094 2121 1330 2201 depingi
1373 2121 1921 2198 Hierosolymorum
1969 2120 2262 2180 excidium
2303 2122 2514 2182 Palae-

285 2212 586 2284 stinaeque
627 2208 1056 2280 vectationem,
1106 2204 1309 2265 addita
1353 2208 1737 2285 promissione
1793 2217 2114 2282 temporum
2157 2206 2512 2282 feliciorum,

288 2314 437 2374 quae
483 2293 748 2369 reliquiis
791 2294 986 2372 gentis
1022 2290 1336 2368 «Iudaicae,
1400 2311 1475 2351 ex
1519 2294 1814 2350 communi
1855 2293 2187 2350 calamitate
2233 2295 2514 2365 servatis,

289 2382 513 2440 oritura
555 2385 786 2453 essent,
838 2378 1151 2457 posteriori
1187 2389 1382 2436 autem
1423 2375 1688 2437 exhiberi
1732 2377 2179 2455 descriptionem
2219 2376 2512 2438 adventus

286 2467 458 2547 regni
508 2462 787 2535 Mes-iae,
857 2483 989 2522 cum
1035 2465 1378 2541 ingentibus
1428 2465 1978 2523 commutationibus
2038 2473 2097 2520 et
2149 2462 2514 2523 terribilibus

280 2543 845 2627 ‘rerumpublicarum
886 2547 1354 2609 revolutionibus
1398 2551 1711 2623 conjuncti.
1790 2547 1959 2606 Duae
1990 2546 2099 2604 hae
2129 2546 2534 2608 declamatio-‘

256 2649 395 2696 ‘nes
437 2646 696 2710 tempore
736 2633 968 2692 diverso
1009 2635 1425 2711 pronuntiatae
1461 2634 1695 2711 Koppio
1736 2632 2048 2701 videntur,
2106 2634 2206 2691 sed
2251 2634 2325 2692 ob
2375 2653 2516 2693 sen-

290 2722 607 2782 tentiarum
649 2719 1124 2793 similitudinem,
1169 2737 1318 2794 quae
1360 2735 1520 2778 nunc
1556 2720 1854 2777 invenitur
1896 2720 1959 2777 in
2005 2717 2105 2776 Vs.
2136 2717 2237 2777 15.
2276 2719 2377 2779 16.
2417 2719 2517 2796 (ἰιι

291 2816 541 2882 utroque
582 2800 785 2880 hymni
829 2806 893 2861 in
936 2803 1139 2865 Jovam
1182 2804 1428 2865 canendi
1469 2803 1538 2862 fit
1584 2803 1879 2880 mentio),
1940 2803 2012 2862 ab
2053 2824 2159 2875 eo,
2216 2804 2319 2881 qui
2362 2804 2520 2863 hane

293 2890 665 2950 oraculorum
721 2890 1124 2948 collectionem
1167 2891 1466 2961 instituit,
1531 2893 1596 2948 in
1636 2908 1816 2948 unam
1870 2890 2204 2964 conjuncta·
2290 2888 2519 2949 Eodem

294 2974 470 3036 modo
511 2976 576 3032 in
613 2978 872 3034 carmina
907 2975 1081 3053 plura
1117 2973 1369 3033 dissecat
1410 2973 1623 3052 Capita
1656 2974 1998 3052 sequentia3
2051 2970 2122 3032 de
2162 2975 2372 3051 quibus
2415 2976 2519 3034 in-

295 3060 478 3120 ferius
534 3058 881 3120 videbimus.
981 3055 1214 3118 Placuit
1271 3058 1416 3119 haec
1467 3061 1765 3118 sententia
1818 3059 2221 3119 Eicnuonmo
2284 3078 2520 3137 quoque

296 3144 573 3220 (Einles‘t.
619 3145 683 3203 s‘n
727 3144 837 3204 das
879 3143 953 3206 A.
994 3141 1071 3202 T.
1112 3143 1180 3203 Ρ.
1208 3142 1316 3205 111.
1361 3165 1419 3223 p.
1451 3142 1607 3222 840).
1692 3143 1811 3205 Sed
1854 3163 2029 3223 quum
2077 3156 2332 3223 quatuor
2369 3144 2520 3204 haee

295 3228 507 3308 Capita
544 3231 850 3290 manifeste
891 3232 956 3289 in
998 3246 1118 3289 uno
1162 3231 1867 3312 eodemque.argumento
1920 3240 1980 3289 et
2026 3241 2232 3289 tenore
2275 3247 2519 3290 versen-

297 3328 421 3390 tur,
468 3337 579 3397 ego
622 3317 845 3375 nullam
886 3317 989 3374 illa
1026 3318 1094 3375 in
1134 3315 1368 3377 diversa
1411 3319 1675 3375 carmina
1712 3314 2073 3394 dispescendi
2106 3316 2519 3376 necessitatem

295 3403 498 3462 video:
542 3398 800 3458 efficiunt
841 3403 1060 3480 potius,
1101 3402 1167 3461 in
1199 3409 1380 3462 unum
1415 3402 1528 3460 illa
1566 3418 1802 3461 carmen
1835 3397 2272 3477 comprehensa,
2324 3410 2516 3459 totum

296 3488 584 3565 quoddam
638 3498 697 3542 et
740 3487 1009 3546 omnibus
1050 3488 1219 3565 quasi
1261 3487 1525 3566 partibus
1582 3497 2041 3546 consummatum
2083 3485 2519 3564 perfectumque

295 3589 538 3653 poema,
597 3572 660 3630 in
700 3590 817 3648 quo
873 3582 1038 3631 vates
1084 3590 1119 3631 a
1164 3573 1646 3653 gravissimarum
1688 3574 2086 3631 calamitatum
2126 3570 2521 3647 descriptione

299 3675 582 3727 exorsus,
650 3660 867 3716 transit
931 3655 1004 3715 ad
1058 3660 1360 3717 meliorem
1417 3657 1916 3729 vicissitudinem,
1986 3657 2186 3734 paucis
2244 3657 2519 3734 reliquiis

297 3742 500 3821 populi
551 3738 803 3801 Hebraei
856 3743 976 3817 jam
1029 3743 1400 3815 redeuntem,
1463 3742 1621 3802 unde
1674 3743 1945 3820 protinus
2000 3739 2379 3820 progreditur
2439 3740 2520 3799 ad

294 3828 656 3886 incrementa
714 3845 901 3886 novae
954 3826 1250 3887 felicitatis
1298 3825 1701 3907 depingenda,
1771 3844 1841 3886 eo
1887 3827 2121 3904 quidem
2159 3826 2366 3898 modo,
2427 3837 2518 3901 ut,

297 3913 559 3990 antiquis
585 3907 986 3972 Israelitarum
1021 3913 1279 3972 inimicis
1308 3930 1427 3970 uno
1457 3923 1589 3990 post
1622 3913 1876 3972 alterum
1905 3908 2235 3990 profligatis
2261 3920 2319 3969 et
2347 3913 2520 3988 plane

295 3994 539 4071 deletis,
606 3998 909 4075 aptissima
957 3997 1375 4074 prosopopoeia
1427 4000 1589 4075 ipsos
1629 3995 1874 4056 inducat
1912 3995 2216 4056 israelitas
2259 3994 2520 4076 hymnos

182 4143 203 4156 ,
292 4090 567 4143 canentes
608 4083 676 4142 in
711 4080 938 4144 laudem
974 4080 1176 4157 Jovae,
1208 4081 1290 4142 ‘ob
1330 4085 1675 4145 restitutam
1713 4080 2157 4161 rempublicam.

461 4253 520 4311 1.
604 4249 883 4314 Versibus
925 4254 1134 4332 primis
1177 4262 1431 4330 quatuor
1476 4253 1761 4334 praedicit
1801 4264 1968 4315 vates
2010 4252 2178 4326 fore,
2239 4262 2309 4312 ut
2355 4262 2519 4312 terra

280 4358 387 4420 per
423 4337 830 4420 catastrophen
870 4340 1158 4421 quandam
1210 4340 1472 4400 omnium
1521 4358 1715 4404 rerum
1757 4338 2165 4419 perturbetur,
2227 4352 2521 4413 vastetur,
