2740 4864
760 266 1129 368 Jesajaa.
1246 274 1413 370 cap.
1452 272 1578 361 46,
1626 273 1695 345 3.
1743 276 1809 341 4.
2258 276 2402 349 621

167 461 373 529 Quum
418 458 482 516 in
521 454 891 517 hemisticbio
934 456 1105 533 hujus
1146 454 1364 518 Versus
1422 462 1605 537 priori
1647 469 1877 521 statuas
1919 464 2047 521 sive
2089 465 2403 524 simulacra

170 544 418 603 deorum
471 543 545 601 ab
583 544 729 618 ipsis
771 543 1099 602 discernere
1143 553 1306 603 vates
1346 546 1682 624 videretur5
1739 545 2165 626 posterioribus
2202 552 2398 609 verbis

64 700 71 707 4
166 629 506 710 siguificat,
550 629 655 687 illa
686 629 1011 687 simulacra
1053 629 1212 706 ipsos
1257 628 1450 688 fuisse
1489 630 1648 692 deos.

349 756 411 813 3.
494 753 689 814 Vertit
732 773 796 813 se
837 754 1016 826 Jova,
1060 756 1161 835 qui
1203 753 1302 815 bic
1340 722 1586 834 loquens
1630 758 1961 832 inducitur,
2009 760 2092 820 ad
2124 716 2397 835 Iudaeos,

166 840 387 919 quibus
431 841 718 915 ostendit,
776 851 1056 918 quantum
1099 844 1220 919 ipse
1263 861 1301 901 a
1343 842 1457 900 diis
1493 842 1869 922 Babylonicis
1910 846 2173 923 differat3
2234 870 2401 926 prae·-

172 929 358 985 missa
397 924 764 1001 praefatione
807 925 1051 999 blanda,
1095 945 1211 1004 qua
1248 927 1356 986 sino
1399 930 1613 1003 populo
1655 931 1936 1002 maxima,
1980 935 2189 1008 quibus
2232 937 2401 995 illum

171 1011 293 1071 sibi
334 1009 621 1081 devinxit,
665 1012 874 1069 merita
903 1010 965 1067 in
995 1023 1245 1070 mentem
1275 1026 1533 1071 revocat.
1619 1017 1961 1100 :pff-twa
1991 1015 2243 1092 Domus,
2282 1021 2322 1078 i
2348 1041 2401 1081 e.
2519 1012 2527 1018 ’

170 1096 404 1176 posteri
443 1091 681 1153 Jacobs.
767 1096 934 1154 Solet
977 1108 1142 1154 vates
1186 1099 1386 1180 gentis
1429 1116 1567 1156 suae
1607 1102 1872 1179 origines
1913 1113 2168 1179 repetere
2224 1123 2260 1169 a
2298 1104 2401 1164 Ja-

172 1181 365 1250 cobo;
429 1179 500 1237 ab
541 1179 872 1239 Abrahamo
917 1181 1073 1238 enim
1118 1192 1175 1238 et
1218 1180 1420 1239 isaaco
1468 1194 1529 1240 et
1572 1184 1722 1242 aliae
1763 1194 2007 1262 gentes,
2067 1186 2401 1253 Ismaelitaa

174 1284 234 1327 a.
273 1265 490 1324 Arabes
528 1275 588 1323 et
630 1264 940 1323 Edoniitae
977 1278 1165 1323 ortum
1204 1265 1527 1339 ducebant,
1578 1285 1614 1324 a
1649 1266 1865 1328 Jacobo
1908 1290 2045 1330 vero
2090 1276 2249 1331 solus
2291 1278 2401 1335 ills

176 1353 469 1427 populus,
539 1350 641 1428 qui
694 1349 1094 1408 Israelitarum
1150 1364 1253 1410 aut
1305 1349 1658 1410 Judaeorum
1716 1373 1931 1413 nomen
1989 1359 2169 1438 vulgo
2219 1362 2399 1438 gerit,

171 1448 419 1511 eratque
478 1435 726 1513 proinde
780 1433 923 1495 haec
976 1437 1121 1510 ipsis
1179 1439 1521 1517 gratissima
1564 1441 1898 1513 appellatio.
1982 1441 2398 1539 nannai-'225

172 1519 591 1612 ξιιῆίζἎἻῬει
638 1518 726 1578 Et
765 1539 929 1578 omns
968 1519 1292 1598 reliquum,
1337 1541 1537 1580 omnes
1571 1526 1848 1601 reliquiae
1892 1525 2096 1585 domus
2126 1511 2404 1600 Israelis,

172 1609 221 1666 i.
263 1626 318 1664 e.
366 1607 467 1682 qui
520 1613 613 1664 tot
672 1606 1101 1665 calamitatibus
1162 1606 1424 1666 defuncti
1480 1608 1673 1665 adhuc
1728 1612 2067 1686 superestis.
2157 1612 2397 1674 limem

172 1690 594 1769 intelligendos
652 1691 951 1750 existimat
1007 1709 1147 1764 eos,
1219 1694 1318 1768 qui
1360 1711 1393 1748 e
1437 1691 1633 1751 decem
1676 1695 1982 1770 tribubus,
2036 1696 2164 1755 sive
2212 1715 2396 1777 regno

173 1776 545 1848 Israelitico,
589 1778 651 1835 in
694 1774 1052 1851 Babylonem
1092 1776 1416 1853 deportatis
1459 1777 1582 1834 illis
1626 1784 1998 1856 superstites,
2041 1779 2400 1859 Babylonio-

172 1882 309 1923 rum
360 1863 616 1921 moribus
665 1871 723 1919 et
767 1859 1044 1939 religioni
1088 1863 1345 1933 addicti,
1419 1863 1480 1919 in
1526 1865 1773 1936 patriam
1820 1866 2011 1924 redire
2051 1868 2395 1927 noluerunt.

170 1958 487 2036 302·'373
545 1955 806 2034 &07:3³7
847 1943 971 2015 Qua·
1020 1946 1257 2022 gestan·
1313 1947 1460 2006 estis
1513 1947 1589 2004 ab
1633 1958 1831 2010 utero.
1885 1948 2078 2017 Deus
2121 1952 2398 2017 describit

174 2050 416 2103 curam,
480 2049 652 2110 quam
691 2012 886 2111 8ἒιείι
930 2028 1366 2106 Israelitarum,
1431 2050 1466 2088 a
1508 2034 1703 2111 gentis
1740 2036 1902 2092 illius
1941 2036 2146 2112 primis
2187 2038 2397 2109 initiis,

164 2116 286 2176 -sub
327 2118 582 2193 imagine
617 2116 817 2193 bajuli,
858 2117 960 2193 qui
991 2117 1276 2175 infantem
1307 2118 1596 2193 bajularet
1632 2138 1668 2178 a
1698 2121 2010 2179 natalibus.
2085 2119 2170 2179 Cf.
2208 2121 2396 2182 Exod-

176 2203 287 2276 19,
312 2208 371 2261 4
417 2200 593 2261 Deut.
636 2204 691 2277 1,
719 2202 825 2261 31.
875 2210 935 2259 et
959 2202 1116 2260 infra
1158 2204 1261 2275 63,
1292 2202 1349 2261 9.
1435 2196 1646 2264 ivon&
1680 2203 1775 2262 hic
1805 2224 1925 2263 non
1957 2204 2252 2286 significat
2277 2227 2399 2279 eos,

173 2285 391 2366 quibus
427 2288 757 2364 impositum
803 2297 892 2346 est
930 2304 1115 2358 onus,
1153 2298 1220 2344 ut
1262 2285 1362 2346 Vs.
1390 2289 1472 2359 l.,
1517 2269 1647 2348 sed
1658 2291 1758 2365 qui
1799 2291 1967 2361 aliis,
2011 2292 2179 2368 quasi
2223 2310 2396 2365 onus,

172 2383 321 2434 sunt
362 2373 655 2476 impositi,
704 2381 772 2431 ut
807 2391 903 2430 res
946 2373 1074 2448 ipsa
1118 2372 1393 2430 ostendit.
1488 2383 1538 2434 Π
1580 2375 1832 2432 Articuli
1875 2371 2015 2434 huic
2051 2376 2187 2435 voci
2230 2396 2399 2456 prae-

168 2461 359 2520 fixum
399 2460 585 2518 vicem
628 2459 725 2517 hic
767 2461 926 2537 gerit
964 2458 1337 2517 pronominis
1381 2461 1617 2517 relativi
1657 2460 1837 2547 -mia,
1884 2472 1951 2519 ut
1990 2459 2112 2518 Jos.
2149 2463 2251 2536 19,
2285 2465 2392 2524 24.

171 2546 311 2606 Est.
342 2547 404 2616 8,
435 2545 541 2606 25.
607 2547 841 2616 10,l4.
882 2546 979 2604 17.
1031 2556 1089 2602 et
1132 2545 1383 2621 saepius.
1473 2543 1614 2602 Post
1667 2553 1738 2607 n*
1745 2556 1929 2606 ῦ739Π
1983 2565 2124 2603 vero
2178 2548 2395 2606 subau-

174 2630 450 2688 diendum
496 2641 585 2688 est
643 2643 700 2677 ⁸²
675 2643 802 2691 ..7373
849 2648 889 2686 a
939 2646 1047 2687 me.
1136 2631 1305 2699 Quod
1354 2632 1620 2706 sequitur
1675 2642 1784 2712 ’373
1840 2644 1931 2688 est
1977 2630 2270 2689 Particula
2313 2645 2390 2718 jn

176 2736 315 2773 eum
345 2715 460 2774 Jod
489 2717 866 2794 paragogico,
911 2728 977 2774 ut
1006 2714 1102 2772 ΡΙ.
1130 2718 1236 2785 44,
1264 2715 1352 2773 19.
1400 2712 1524 2771 Job.
1557 2717 1658 2786 20,
1692 2698 1754 2772 4.
1844 2715 1956 2773 Hic
2001 2715 2222 2773 indicat
2267 2730 2392 2792 ter·

170 2805 401 2860 minum
447 2820 486 2858 a
529 2820 666 2878 quo,
720 2801 853 2857 inde
890 2799 983 2871 ab,
1027 2800 1164 2858 inde
1205 2819 1241 2859 a
1280 2819 1398 2876 quo
1444 2811 1699 2876 tempore
1740 2802 2042 2878 prodiistis
2083 2820 2157 2857 ex
2198 2814 2391 2859 utero.

170 2898 307 2975 '31³2
349 2887 538 2959 enim,
599 2887 751 2963 qnod
797 2887 1030 2962 proprie
1070 2894 1337 2943 ventrem
1381 2896 1585 2957 notat,
1643 2902 1746 2958 per
1783 2883 2181 2964 synecdochen
2224 2905 2393 2963 saepe
2448 2887 2451 2890 ’

172 2955 477 3052 significat
507 2980 743 3028 uterum
774 2974 997 3041 matris,
1032 2971 1130 3028 ubi
1157 2970 1351 3029 foetus
1381 2972 1728 3048 concipitur,
1764 2985 1823 3029 et
1851 2989 2033 3048 usque
2064 2968 2137 3027 ad
2166 2980 2393 3049 tempus

170 3067 378 3136 partus
424 3057 693 3133 fovetur,
754 3067 821 3114 ut
866 3056 1009 3114 Gen.
1042 3055 1146 3128 25,
1176 3057 1276 3113 24.
1325 3055 1459 3114 Jud.
1496 3055 1591 3126 16,
1628 3057 1728 3114 17.
1813 3054 2082 3114 Ceterum
2127 3060 2397 3133 opposita

171 3144 322 3202 haec
365 3151 504 3199 sunt
546 3154 745 3214 aperte
779 3144 872 3215 iis,
913 3159 1056 3218 quse
1084 3154 1256 3199 antea
1288 3143 1445 3201 dicta
1468 3152 1638 3199 eraut
1671 3141 1743 3199 de
1776 3139 1888 3198 diis
1918 3140 2398 3218 Babyloniorum,

171 3229 285 3306 qui
324 3229 634 3293 simulacra
676 3247 820 3298 sua,
879 3224 1087 3303 quibus
1123 3229 1386 3301 jumenta
1426 3236 1667 3284 onerata
1707 3236 1912 3297 erant,
1958 3244 2079 3284 non
2121 3235 2399 3301 poterant

170 3313 465 3384 retinere,
521 3331 638 3388 quo
682 3316 877 3370 minus
929 3312 1001 3369 ab
1048 3311 1311 3370 hostibus
1353 3311 1675 3369 victoribus
1720 3311 2164 3371 abducerentur.
2247 3310 2399 3370 Jova

176 3410 390 3455 contra
435 3400 626 3455 instar
668 3400 873 3456 matris
926 3406 1030 3454 aut
1073 3397 1357 3468 nutricis,
1421 3415 1568 3472 quae
1622 3414 1824 3454 recens
1875 3407 2079 3453 natum
2128 3398 2192 3453 in
2238 3398 2393 3453 ulnis

174 3494 375 3564 gestat
417 3497 475 3542 et
514 3483 692 3551 fovet
735 3485 870 3542 inde
909 3501 945 3539 a
987 3501 1181 3541 rerum
1207 3499 1446 3540 suarum
1479 3481 1672 3540 initiis
1704 3483 1977 3562 populum
2011 3478 2400 3543 Israeliticum

170 3571 463 3627 sustinuit
504 3578 563 3626 et
606 3569 993 3628 conservavit

350 3699 415 3754 4.
491 3696 587 3757 Ad
620 3698 929 3757 dictionem
965 3702 1307 3784 napy-*153
1349 3703 1410 3752 ot
1439 3712 1623 3771 usquo
1652 3693 1737 3754 ad
1759 3704 2119 3756 senectutem
2162 3692 2397 3756 Jaacm

169 3790 344 3842 recte
385 3787 648 3841 notavit:
705 3796 885 3845 nnn:
935 3729 1097 3844 2¹:537
1141 3788 1333 3864 lamp?
1384 3790 1531 3843 *mm
1574 3779 1710 3837 dum
1752 3782 2149 3839 consensistis
2195 3791 2257 3839 et
2296 3781 2400 3839 de-

146 3868 463 3943 fecerunt
524 3869 689 3926 vires
744 3877 1006 3926 vestrae.
1093 3866 1295 3942 Neque
1343 3868 1496 3923 enim
1552 3874 1826 3933 senectus
1879 3866 2265 3945 intelligenda
2308 3877 2402 3926 est

168 3952 322 4024 Dei,
361 3954 461 4012 sed
487 3955 650 4030 illius
683 3971 982 4031 personae,
1024 3970 1193 4028 quae,
1241 3961 1543 4026 postquam
1587 3968 1662 4007 ex
1701 3959 1868 4009 utero
1911 3952 2153 4030 prodiit,
2206 3961 2398 4010 aetate

172 4051 455 4095 censetur
505 4023 861 4109 adolevisse,
929 4047 1019 4095 et
1046 4049 1238 4095 tamen
1284 4036 1509 4093 interea
1552 4052 1588 4092 a
1626 4034 1752 4094 Deo
1795 4044 2022 4115 gestata
2061 4048 2190 4109 est,
2250 4054 2398 4115 quae

170 4141 430 4198 persona
474 4123 567 4180 hic
603 4136 693 4181 est
738 4125 984 4199 populus
1016 4121 1387 4180 Iudaeorum.
1452 4117 1523 4176 In
1554 4138 1624 4178 eo
1667 4123 1785 4179 sita
1814 4133 1905 4178 est
1932 4122 2020 4180 vis
2052 4125 2397 4180 sententiae.

168 4206 437 4265 Infantes
482 4227 555 4265 ex
602 4222 764 4266 utero
802 4208 1056 4283 suscepti
1100 4217 1160 4264 et
1201 4221 1402 4266 tenera
1443 4211 1632 4262 aetate
1668 4224 1704 4264 a
1738 4207 2021 4264 matribus
2062 4216 2164 4266 aut
2200 4208 2399 4265 nutri-

168 4292 341 4350 cibus
399 4295 650 4373 gestati,
719 4291 820 4350 ubi
874 4309 1110 4371 gressus
1148 4291 1414 4350 'formare
1455 4290 1821 4364 didicerunt,
1879 4300 1941 4349 et
1983 4294 2167 4351 aetati
2214 4293 2402 4349 robur

164 4379 452 4455 accessit,
497 4380 611 4439 sibi
650 4379 1092 4457 relinquuntur,
1147 4380 1270 4436 suis
1315 4375 1600 4440 incedunt
1650 4378 1823 4451 talis,
1863 4393 1960 4436 res
2001 4395 2139 4438 suas
2184 4374 2421 4458 agunt.
