2740 4864
779 295 1134 399 Jesajas.
1250 304 1414 398 Cap.
1471 300 1592 393 47,
1655 301 1759 369 ιδ.
2233 298 2381 371 635

340 487 441 548 13.
525 494 746 577 ‘prun’
799 483 933 573 333
986 481 1178 551 meib:
1229 485 1605 565 Defatigata
1646 501 1714 545 es
1764 483 2146 545 multitudine
2192 488 2396 561 eonsi-

160 574 382 636 liorem
426 580 699 631 tuorum·
675 552 1176 655 [intelligendis
1189 572 1657 646 deliberationes,
1701 589 1846 650 quas
1880 569 2069 628 divini
2111 582 2170 629 et
2198 582 2395 631 astro-

165 661 293 741 logi
320 658 666 734 Babylonici
705 660 860 717 inter
897 676 959 717 se
1002 670 1314 735 ceperunt,
1356 659 1491 714 dum
1534 658 1971 716 observationes
2014 671 2151 713 suas
2195 648 2396 715 omnes

166 744 405 803 collatis
434 740 647 800 studiis
674 754 1105 821 compararunt,
1136 753 1204 800 ut
1232 761 1306 801 ex
1339 743 1415 799 iis
1441 742 1698 799 faustum
1721 739 1943 818 aliquid
1969 749 2026 797 et
2046 741 2397 819 reipublicae

168 831 430 889 salutare
466 826 762 886 elicerent.
865 837 935 890 i:
938 831 1042 891 7:25
1096 828 1263 917 Ἶ3ᾓ
1317 836 1433 913 133¹·
1436 830 1582 887 m'ffi
1638 836 1977 926 teu-ava&
2019 821 2402 903 consistant,

165 931 304 992 age,
345 919 405 971 et
438 921 677 971 servent
709 919 770 970 te
799 894 1068 970 sectores
1106 894 1255 969 coita
1295 890 1643 986 (eons‘onum
1669 888 1977 987 Hebraico
1986 919 2129 970 'wa-*t
2158 909 2399 972 verbum

163 998 487 1058 Arabicum
532 996 772 1055 denotat
810 1013 1110 1071 resecare,
1150 994 1515 1097 amputare),
1554 994 1764 1073 quibus
1807 1010 2057 1072 augures
2099 1007 2158 1054 et
2202 1004 2397 1054 astro-

166 1083 299 1162 logi
338 1077 699 1141 indicantur.
787 1080 1087 1160 „Utrique
1130 1083 1286 1141 enim
1303 1083 1372 1156 ,“
1428 1083 1623 1158 inquit
1663 1077 1980 1138 Fontanus
2027 1077 2400 1142 Miscellann.

168 1165 355 1226 Sacr-
392 1167 457 1226 [a.
487 1164 539 1224 l.
581 1164 867 1241 Cap-16„
914 1169 1185 1241 „eoelum
1226 1167 1289 1224 in
1331 1178 1522 1225 certas
1565 1162 1842 1244 quasdam
1889 1172 2083 1238 partes
2129 1167 2222 1223 vel
2262 1184 2400 1246 seg-

172 1260 375 1311 menta
428 1249 802 1326 dividebant,
864 1269 1110 1328 quorum
1166 1249 1431 1309 subsidio
1490 1249 1698 1310 futura
1751 1246 2178 1325 praeviderent.
2265 1248 2402 1308 Huc

176 1345 404 1415 spectat
457 1335 760 1413 singulare
814 1336 972 1395 istud
1024 1338 1460 1417 astrologorum
1512 1334 1823 1395 artificium
1875 1332 1944 1390 de
1989 1330 2403 1392 constituenda

172 1423 367 1502 figura
412 1421 681 1493 coelesti,
753 1422 846 1479 vel
891 1419 1148 1480 themate
1201 1420 1625 1480 conformando
1667 1417 1936 1497 (unicum
1988 1434 2170 1494 prope
2216 1420 2403 1478 totius

175 1505 534 1584 astrologiae
582 1462 975 1586 κειμήλιον),
1024 1506 1187 1585 quod
1238 1505 1308 1565 fit
1352 1517 1627 1565 accurata
1671 1505 1821 1563 eoeli
1864 1500 2281 1561 distributione
2336 1503 2401 1562 in

176 1590 480 1649 duodecim
520 1600 860 1668 segmenta,
899 1609 1048 1670 quae
1091 1590 1332 1664 domus,
1381 1592 1474 1650 vel
1513 1587 1819 1650 domicilia
1861 1588 2172 1646 nominant
2209 1597 2401 1647 astro·

178 1676 338 1757 logi,
384 1676 448 1732 in
480 1675 691 1752 quibus
732 1674 1063 1736 reconditas
1102 1674 1431 1736 futurorum
1474 1674 1935 1755 significationes
1975 1672 2183 1731 mirum
2227 1691 2402 1749 quam

177 1761 410 1819 curiose
450 1761 815 1834 quaeritent,
884 1778 1172 1839 quamque
1217 1760 1575 1821 confidenter
1630 1779 1693 1819 se
1741 1769 2081 1834 reperturos
2137 1766 2396 1832 sperent.

175 1844 488 1904 Habebunt
530 1862 757 1921 quoque
800 1863 1085 1927 augures,
1126 1846 1609 1922 quemadmodum
1651 1842 1968 1922 astrologi,
2008 1860 2174 1901 suam
2212 1857 2402 1920 quan-

178 1929 311 1988 dam
346 1928 493 1986 coeli
522 1930 898 2005 partitionem
936 1931 1232 2010 μαιτικὴι·
1274 1932 1347 1989 ad
1380 1930 1712 1989 futurorum
1744 1928 2210 2001 praesensionem
2241 1947 2404 1986 com-

175 2011 514 2092 parandam.
597 2010 915 2090 solebant,
961 2015 1156 2090 inquit
1195 2016 1473 2086 Servius,
1516 2029 1813 2095 augures,
1843 2011 1990 2071 dum
2032 2010 2403 2090 divinabant,

176 2101 273 2157 ita
323 2114 525 2176 agere.
613 2096 879 2158 Primum
932 2098 1327 2177 designabant
1374 2099 1525 2156 lituo
1585 2098 1831 2179 spatia,
1892 2105 1957 2155 et
2012 2099 2102 2156 eis
2162 2098 2402 2160 nomina

174 2182 428 2256 dabant,
472 2188 542 2241 stt
578 2183 786 2262 prima
816 2202 977 2264 pars
1020 2184 1328 2243 diceretur
1366 2186 1596 2258 antiea,
1641 2181 1725 2241 ad
1766 2191 1961 2241 ortum
2000 2201 2240 2260 nempe,
2278 2200 2402 2263 po·-

175 2270 430 2339 sterior,
493 2270 752 2344 postica,
804 2270 886 2330 ad
928 2286 1237 2343 occasum5
1300 2268 1441 2327 item
1496 2270 1738 2342 dextra,
1805 2267 1888 2326 ad
1938 2268 2281 2342 meridiem,
2336 2278 2402 2329 et

174 2353 463 2426 sinistra,
517 2353 603 2412 ad
650 2354 1132 2434 septentrionem.
1221 2351 1414 2432 Atque
1473 2355 1567 2412 ita
1623 2352 1940 2411 seeundum
1992 2350 2139 2410 haee
2190 2356 2405 2430 spatia

180 2436 558 2498 divinabant.
639 2438 858 2499 Eadem
882 2452 1164 2499 memorat
1194 2439 1396 2499 Livius
1430 2441 1497 2498 in
1523 2439 1776 2499 historia
1801 2438 2024 2498 Numae
2052 2439 2404 2517 augurandi,
2489 2465 2492 2468 ·

180 2524 255 2584 1„
287 2521 335 2583 1.
380 2521 520 2599 Cap.
545 2525 641 2585 18.
696 2525 1038 2601 Quanquam
1069 2523 1225 2600 apud
1251 2522 1501 2600 Tuscos,
1534 2525 1946 2584 subtilissimos
1975 2523 2181 2583 harum
2209 2540 2403 2585 rerum

177 2618 620 2688 praeceptores,
675 2611 1024 2688 exquisitior
1081 2623 1209 2669 erat
1264 2612 1419 2670 eoeli
1472 2610 1711 2687 partitio
1758 2611 2094 2689 auguralis,
2148 2606 2292 2668 adeo
2333 2619 2404 2670 ut

183 2693 373 2772 ipsam
426 2695 602 2753 etlam
657 2696 1071 2776 astrologicam
1129 2697 1494 2773 aliquantum
1552 2694 1864 2772 superarit.
1961 2692 2192 2753 Tuscos
2249 2695 2406 2756 enim

186 2780 413 2838 eoelum
479 2779 543 2836 in
596 2778 842 2839 sedecim
894 2789 1093 2857 partes
1151 2779 1422 2838 divisisse
1474 2775 1742 2837 referunt
1798 2780 2093 2839 nonnulli.
2111 2779 2156 2812 ‘⁶
2244 2778 2407 2847 Quos

184 2873 448 2921 sectores
507 2867 652 2922 eoeli
711 2864 1025 2941 appellavit
1077 2874 1279 2937 vates,
1352 2863 1581 2921 eosdem
1634 2882 1794 2923 nune
1845 2863 2178 2940 expressius
2232 2875 2410 2923 vocat

190 2949 502 3009 tannem
560 2956 628 3010 n
636 2961 800 3029 vni-t,
854 2948 957 3028 qui
1006 2948 1210 3008 stellas
1253 2947 1750 3029 contemplantur,
1804 2958 1874 3004 ut
1914 2949 2095 3029 vulgo
2148 2959 2408 3008 vertunt.

189 3031 424 3108 „Recte
467 3034 696 3110 quidem
710 3041 769 3107 ,⁶
826 3036 915 3092 ait
963 3033 1283 3093 Fuumms
1324 3037 1366 3092 1.
1399 3053 1450 3092 c.
1436 3076 1486 3108 .‚
1543 3075 1582 3106 „
1564 3034 1982 3106 ,usitatissima
2024 3052 2226 3109 nempe
2268 3033 2409 3092 haec

184 3116 543 3197 significatio
573 3128 666 3177 est
695 3116 964 3177 thematis
995 3130 1160 3209 τιτι-ις
1195 3118 1442 3198 ideoque
1469 3129 1629 3177 reete
1654 3118 1830 3176 etiam
1855 3116 2184 3199 Anglicana
2215 3120 2409 3179 versio

184 3201 385 3261 ostar·
357 3219 627 3279 ·gazers
668 3202 860 3261 habet.
946 3159 1339 3263 Veruntamen
1370 3207 1490 3262 alia
1517 3203 1704 3283 magis
1732 3202 1955 3261 arridet
1986 3204 2412 3282 interpretatio.

187 3286 430 3347 Etenim
474 3287 894 3349 recordandum
931 3298 1041 3359 est,
1086 3299 1218 3375 Πζη
1256 3307 1378 3346 ιιοιι
1408 3290 1594 3347 solunt
1637 3287 1917 3345 denotare
1957 3286 2413 3363 contemplatio-

188 3389 325 3430 nem
363 3373 429 3430 in
476 3391 717 3451 genere,
771 3372 871 3429 sed
909 3352 1218 3449 ιρεοίιιιῖιιῖ
1257 3375 1430 3431 etiam
1457 3373 1820 3450 futurorum
1863 3370 2415 3465 contemplationem

192 3467 256 3514 et
284 3459 810 3536 praesensionem5
853 3459 1006 3517 unde
1048 3468 1108 3513 et
1139 3456 1420 3535 propheta
1448 3474 1866 3535 saepenumero
1906 3450 2037 3518 rili-1
2075 3457 2414 3516 nominatur

191 3543 263 3600 in
293 3540 639 3620 scripturis,
679 3555 748 3602 ut
786 3541 1160 3613 Je·.3o,1o.
1203 3540 1680 3612 2Sam.24‚11.
1767 3538 1923 3600 Idem
1961 3543 2198 3598 omnino
2235 3559 2415 3599 voca-

189 3627 395 3686 bulum
430 3626 527 3685 hie
553 3638 889 3708 usurpatur,
928 3645 1051 3686 non
1082 3637 1277 3683 tamen
1315 3625 1598 3698 absolute,
1640 3625 1741 3684 sed
1772 3624 1986 3684 dieitur
2018 3626 2415 3687 distinctionis

195 3714 392 3792 gratia
434 3725 504 3773 n
508 3716 750 3800 33Ἶ33,
796 3724 882 3788 ut,
931 3714 1128 3790 quales
1159 3712 1281 3770 sint
1306 3713 1410 3769 isti
1444 3667 1772 3788 prop'hetae,
1802 3711 2191 3788 intelligatur.
2265 3710 2415 3770 Nam

194 3797 513 3876 prophetae
544 3781 773 3874 quidem
813 3793 1219 3863 θεόπιευστοι
1255 3800 1381 3855 sola
1412 3797 1613 3855 divina
1643 3796 2001 3854 revelatione
2031 3805 2418 3870 praenoscunt

198 3881 420 3954 futura,
468 3886 751 3965 astrologi
797 3905 934 3945 vero
983 3893 1109 3941 arte
1152 3901 1278 3956 sua,
1323 3891 1383 3939 et
1425 3892 1821 3940 creaturarum
1862 3877 2159 3952 beneficio,
2203 3880 2260 3937 id
2307 3890 2416 3954 est,

198 3984 509 4041 corporum
551 3972 921 4040 coelestium,
983 3978 1270 4046 quatenus
1310 3966 1729 4024 commentitiis
1771 3963 2110 4041 quibusdam
2155 3967 2421 4043 proprie-

196 4053 426 4109 tatibus
458 4051 666 4111 induta
693 4055 1015 4134 finguntur,
1054 4072 1173 4112 non
1210 4070 1247 4110 a
1277 4050 1403 4110 Deo
1435 4050 1656 4109 imbuta
1690 4062 2138 4129 cognoscuntur
2205 4053 2422 4116 Quam-

199 4136 401 4195 obrem
434 4135 658 4197 fatetur
695 4140 1001 4217 propheta,
1037 4139 1343 4215 superbam
1373 4136 1725 4212 Babylonem
1772 4153 1909 4193 suos
1947 4153 2177 4213 quoque
2211 4133 2420 4193 habere

198 4219 551 4300 prophetas,
612 4242 732 4281 non
777 4235 969 4283 tamen
1014 4222 1330 4300 ejusmodi,
1389 4223 1489 4300 qui
1534 4220 1820 4279 divinitus
1864 4232 1921 4278 et
1960 4221 2261 4294 absolute,
2322 4219 2422 4278 sed

197 4304 544 4363 humanitus
586 4319 645 4366 et
684 4329 787 4387 per
828 4312 1030 4368 stellas
1071 4307 1334 4367 viderent
1376 4306 1597 4378 futura,
1633 4305 1758 4364 sive
1802 4304 2233 4383 prophetarent,
2273 4321 2420 4381 quos

198 4389 449 4471 Angliee
492 4391 544 4449 si
587 4398 879 4472 appellare
906 4396 1176 4468 velimus,
1224 4391 1685 4452 commodissime
1710 4384 1905 4449 Star-
1877 4386 2212 4473 -prophets
2256 4388 2422 4449 dixe-
