2740 4864
870 275 1243 375 Jesaias·
1362 284 1530 376 Cap.
1587 281 1700 351 15.
2188 291 2193 304 “
2252 283 2413 360 249
2460 253 2476 275 x

159 472 313 534 Nam
377 468 557 546 panio
617 478 753 547 post
810 466 1090 530 adversus
1147 468 1438 546 Iudaeos,
1512 468 1782 529 oblatas
1828 464 2066 530 loramo
2106 477 2401 552 suppetias

165 557 604 634 expeditionem
656 565 1073 632 susceperunt,
1131 572 1169 615 a
1225 556 1439 634 quibus
1498 563 1697 614 tamen
1754 573 1968 636 magua
2021 556 2217 618 effoeti
2261 572 2404 620 sunt

162 642 352 714 clade,
396 638 683 699 2Chron.
717 642 825 714 20,
856 643 1157 701 22—30.
1201 645 1204 646 ’
1243 641 1390 698 Post
1430 657 1521 699 ea·
1545 646 1810 718 tempora
1852 657 2035 717 usque
2073 641 2146 700 ad
2180 645 2404 706 editum

160 727 394 800 Jesajae
437 725 787 785 vaticinium
828 724 981 786 nibil
1018 729 1084 785 in
1129 724 1202 785 V.
1243 724 1321 785 Τ.
1365 726 1536 786 libris
1579 722 1879 784 historicis
1916 728 2134 804 legitur
2177 729 2247 788 de
2287 730 2399 790 hae

158 820 332 890 gente
395 821 727 869 memoratu
783 810 1047 890 dignum.
1145 809 1350 872 Fuisse
1404 819 1598 868 autem
1653 807 1941 868 Moabitas
1991 815 2399 888 superstitioni

160 909 216 954 et
259 895 645 954 idololatriae
700 899 857 954 omui
913 906 1192 972 tempore,
1230 894 1529 970 addictos,
1594 904 1721 953 tum
1780 894 1938 954 idola
1978 896 2053 954 ab
2101 897 2180 955 iis
2220 902 2407 973 culta,-

158 976 575 1040 Baal-Pbeor
620 979 825 1056 (Num.
856 982 964 1054 23,
1003 978 1141 1059 28.)
1181 991 1243 1041 et
1280 977 1601 1040 Chemescb
1635 978 1700 1056 (1
1735 978 1880 1058 Reg-
1914 982 2015 1051 l'l,
2041 984 2099 1039 7.
2141 978 2261 1041 Jer.
2286 987 2396 1060 48,

160 1065 221 1126 ⁷.
255 1063 435 1140 13.),
493 1072 828 1137 testantur,
871 1074 1003 1125 tum
1044 1067 1376 1139 lenocinia,
1432 1064 1644 1142 quibus
1687 1062 1761 1123 ad
1801 1081 2002 1141 parem
2039 1068 2403 1145 impietatem

160 1150 474 1210 israelitas
510 1167 784 1226 persaepe
819 1152 1176 1224 illexerunt,
1217 1150 1393 1211 Num.
1424 1150 1727 1208 22—26.

333 1233 499 1293 Huic
523 1234 711 1314 igitur
738 1238 901 1313 genti
920 1274 942 1305 ,
982 1235 1060 1293 ab
1079 1235 1508 1313 antiquissimis
1546 1237 1683 1296 iude
1720 1237 2077 1314 temporibus
2115 1235 2401 1301 Hebraeis

158 1320 480 1392 inimicae,
527 1319 820 1378 excidium
860 1318 1319 1379 denunciatums
1357 1330 1558 1394 vates,
1602 1322 1764 1381 sistit
1800 1323 1971 1382 urbes
2008 1319 2401 1386 Moabitarum

162 1407 450 1465 florentes
491 1415 552 1462 et
581 1406 840 1463 munitas
868 1407 1092 1478 impetu
1121 1404 1440 1476 „subitaneo
1484 1405 1557 1463 ab
1600 1404 1770 1467 hoste
1819 1416 2061 1484 potente
2098 1419 2161 1467 et
2196 1411 2398 1471 valido

162 1503 366 1567 captas
410 1498 588 1566 atque
627 1501 1018 1570 expugnatas.
1100 1490 1439 1552 Audiuntnr
1476 1493 1755 1564 lamenta,
1794 1495 2081 1571 planctus,
2124 1495 2401 1571 ejulatus,-

163 1576 379 1653 quibus
422 1569 582 1637 κατὰ
623 1573 1137 1654 προσαητοποιΐαν
1189 1577 1370 1634 etiam
1416 1593 1556 1636 snos
1613 1588 1780 1636 vates
1835 1579 2041 1636 miscet
2081 1576 2254 1655 (Cep.
2297 1579 2401 1655 15,

170 1665 200 1720 l
220 1692 303 1705 —
322 1656 451 1738 5.).
535 1656 691 1718 Tum
748 1659 1130 1721 vividissimis
1180 1660 1477 1720 coloribus
1533 1662 1723 1720 oculis
1772 1662 2008 1737 subjicit
2048 1659 2405 1725 facult-tuns

165 1747 594 1821 direptionem,
651 1745 881 1805 eaedem
925 1747 1268 1818 obviorum,
1323 1749 1576 1806 aliorum
1614 1744 1867 1826 tugen,
1924 1753 2186 1807 vastatus
2223 1747 2400 1809 ferti-

162 1833 431 1891 lissimos
468 1846 645 1908 agros
688 1839 750 1890 et
791 1832 987 1891 uberis
1028 1840 1348 1909 proventus
1392 1834 1597 1892 vineas
1615 1872 1637 1904 ,
1699 1849 1948 1911 quarum
1986 1832 2215 1892 fruetu-
2250 1836 2401 1894 laeti

163 1933 406 1994 carpere
445 1914 754 1991 solebant,
820 1926 879 1976 et
913 1934 1072 1996 quae
1106 1919 1264 1977 mala
1300 1918 1422 1976 alia
1458 1917 1775 1994 populum,
1838 1917 1912 1977 ab
1954 1917 2125 1976 hoste
2173 1918 2403 1980 crudeli

162 2005 426 2073 victum,
469 2017 678 2079 urgere
719 2013 781 2062 et
814 2019 1074 2080 premere
1111 2004 1301 2060 solent
1339 2000 1516 2082 (Cap.
1547 2001 1649 2078 15,
1688 2001 1952 2076 5--16‚
1996 2000 2144 2079 11.).
2218 2004 2403 2065 Addit

166 2086 667 2161 desperationem,
713 2105 893 2166 quum
940 2087 1013 2147 ab
1054 2087 1216 2147 idolo
1245 2084 1565 2166 Camoseb,
1608 2088 1765 2168 quod
1786 2086 2048 2148 studiose
2072 2090 2400 2164 coluerant,

163 2173 399 2231 frustra
440 2188 502 2228 se
547 2190 711 2248 opem
741 2178 804 2233 in
834 2173 1007 2233 rebus
1035 2170 1271 2233 afflictis
1296 2183 1566 2249 expetere
1604 2183 1668 2232 et
1694 2166 2051 2251 exspectare
2093 2185 2401 2235 cernerent

165 2255 308 2337 (Vs.
343 2254 494 2332 12).
585 2257 848 2319 Subinde
887 2260 1139 2340 explicat
1186 2275 1392 2317 cansas
1432 2258 1639 2317 harum
1685 2259 2113 2330 calamitatum,
2173 2275 2211 2315 a
2250 2256 2402 2319 Jova

164 2344 605 2415 immissarum,
646 2345 974 2424 superbiam
1013 2352 1076 2403 et
1111 2344 1541 2402 inclementiam
1587 2362 1731 2424 erga
1763 2341 2047 2423 profugos
2074 2341 2399 2418 [uastitas-3

165 2430 275 2509 qni
329 2449 393 2487 se
445 2427 518 2487 ad
563 2427 850 2491 Moabitas
896 2440 1157 2505 tempore
1197 2429 1566 2488 necessitatis
1606 2439 1983 2508 receperant,
2046 2436 2109 2486 et
2155 2428 2401 2491 nimiam

164 2520 234 2574 in
275 2515 668 2592 prosperitate
704 2535 811 2576 sua
852 2529 912 2577 et
953 2515 1236 2575 firmitate
1275 2521 1468 2572 status
1508 2513 1798 2575 fiduciam.

341 2599 515 2667 Quod
546 2599 682 2658 huic
713 2603 996 2662 vaticinio
1028 2598 1338 2675 subjicitur
1364 2600 1500 2675 (16,
1535 2601 1632 2658 13.
1658 2599 1819 2672 14.):
1861 2595 2009 2657 haec
2036 2596 2196 2658 Ioves
2224 2596 2399 2658 Mon-1

168 2687 320 2745 bitis
344 2684 487 2759 jam
521 2686 753 2764 pridem
791 2688 1058 2745 minatus
1101 2690 1237 2759 est,-
1262 2682 1402 2758 jaus
1438 2701 1583 2745 vero
1622 2681 1781 2745 Iona
1821 2682 2085 2762 loquitur
2126 2686 2193 2742 in
2243 2683 2400 2743 hune

164 2771 444 2830 nodum:
477 2780 626 2849 post
669 2781 799 2831 tres
836 2789 1024 2831 annos
1063 2768 1344 2829 svilescet
1372 2762 1582 2850 glou-in
1607 2766 1843 2844 Moabi,
1886 2781 1945 2828 et
1969 2787 2118 2848 quae
2143 2788 2401 2850 sequun-

167 2871 315 2929 tur,
366 2853 505 2915 inde
555 2859 750 2932 plures
807 2859 1159 2929 interpretes
1217 2854 1619 2934 collegerunt,
1677 2856 1797 2931 jem
1854 2853 2081 2933 pridem
2118 2855 2397 2915 adversus

165 2942 499 3001 moabitida
533 2945 722 3001 minas
742 2983 764 3015 ,
801 2959 948 3021 quae
978 2940 1201 3001 duobus
1228 2937 1392 2997 bisce
1422 2936 1721 3019 Capitibus
1749 2942 2066 3019 leguntur,
2103 2938 2398 2999 exhibitas

167 3030 399 3099 fuisse,
457 3025 583 3084 sive
625 3028 700 3086 ab
739 3031 978 3099 eodem,
1035 3026 1163 3085 sive
1203 3042 1241 3081 a
1281 3022 1565 3102 prophete
1605 3027 1761 3099 alio,
1806 3026 2091 3104 repetitas
2129 3036 2324 3083 autem
2366 3041 2404 3083 a

170 3115 368 3187 Iesaja
390 3152 412 3185 ,
451 3110 752 3186 instante,
795 3121 931 3190 post
970 3123 1091 3171 tres
1134 3126 1362 3181 annos,
1403 3109 1717 3170 earundem
1757 3111 2197 3188 complemento.
2242 3107 2402 3169 Con·-

171 3210 276 3256 tra
311 3196 373 3256 J.
416 3195 488 3255 R.
530 3196 755 3256 Korra
797 3199 862 3256 in
902 3196 1147 3273 adjectis
1186 3194 1533 3253 Lowthiauo
1585 3195 2015 3255 Commentario
2057 3194 2404 3257 Germanice

166 3284 468 3341 translato
509 3282 1016 3343 observationibus
1055 3290 1245 3339 totum
1280 3277 1396 3337 hoe
1428 3281 1782 3340 vaticinium
1820 3289 2030 3339 nostro
2069 3281 2195 3339 vati
2235 3280 2403 3356 peni·

170 3382 272 3432 tus
315 3361 653 3441 abjudicat,
713 3368 935 3444 unique
970 3363 1255 3425 Jercmiae
1298 3365 1675 3425 tribuendum
1725 3372 1957 3441 censet,
2018 3367 2107 3425 ita
2149 3362 2403 3441 quidem,

170 3470 242 3514 ut
283 3454 475 3510 serius
517 3453 693 3513 etiam
727 3450 843 3510 boc
880 3450 1284 3530 perscripsisse
1322 3451 1380 3508 is
1419 3459 1693 3527 putetur,
1731 3467 1907 3529 quam
1935 3451 2188 3508 alterum
2216 3449 2401 3509 multo

169 3539 415 3598 uberius
439 3573 463 3610 ,
521 3537 675 3613 quod
718 3535 1004 3597 Jeremiae
1030 3537 1139 3595 48.
1182 3532 1470 3606 habetur,
1525 3551 1764 3614 esseque
1804 3532 1953 3593 adeo
1996 3551 2033 3592 a
2073 3534 2406 3607 collectore,

172 3624 379 3683 nescio
431 3620 587 3698 quod
641 3620 1046 3696 Jesajanorum
1099 3616 1556 3694 vaticiniorum,
1610 3617 1705 3678 his
1744 3636 2048 3697 perperam
2087 3614 2407 3678 intrusum.

171 3708 364 3769 lonae
410 3705 733 3784 prophetae
770 3707 884 3767 hoc
913 3706 1257 3766 vaticinium
1290 3702 1596 3764 vindicare
1623 3704 1857 3763 studuit
1882 3698 2149 3764 Fanum.
2174 3700 2409 3771 Hrrzne

175 3792 338 3868 (Des
383 3788 724 3870 Propheten
752 3786 942 3852 Jonas
977 3787 1210 3849 Orokel
1249 3786 1396 3855 iiber
1421 3785 1598 3847 Moab
1640 3787 1904 3851 krits‘sch
1938 3788 2253 3859 vindicirt,
2288 3787 2416 3863 aad

180 3872 374 3938 durch
423 3873 774 3936 Heben-seez.
813 3873 938 3934 and
973 3870 1297 3937 Amerkk.
1340 3871 1677 3950 erlautort,
1717 3872 1988 3935 Heidelb.
2017 3869 2258 3951 18310),
2297 3870 2411 3931 boc

179 3981 321 4021 usus
378 3975 768 4042 argumento,
825 3959 981 4039 quod
1036 3963 1080 4019 2
1107 3959 1257 4041 neg.
1308 3960 1411 4032 14,
1452 3958 1556 4017 26.
1637 3958 1854 4034 Jonas,
1915 3958 2179 4020 Amithai
2232 3958 2412 4033 lilius,

177 4045 505 4127 propheta,
546 4047 907 4124 praedixisse
947 4045 1198 4121 dicitur,
1249 4043 1417 4118 fore,
1455 4054 1526 4105 ut
1566 4054 1728 4105 totus
1781 4047 1884 4105 ille
1934 4055 2123 4105 terrae
2162 4053 2410 4118 tractus,

181 4133 285 4211 qui
323 4150 361 4189 a
406 4129 709 4191 Hhamath
743 4149 936 4211 usque
968 4129 1045 4189 ad
1081 4149 1244 4191 mare
1280 4139 1580 4190 mortuum
1622 4131 1696 4190 ad
1735 4150 1983 4213 regnum
2022 4129 2414 4190 israeliticum

181 4217 565 4291 retrahatur,
626 4218 802 4296 idque
857 4216 1077 4277 factum
1136 4233 1264 4275 esse
1316 4213 1691 4291 expeditione
1737 4235 1773 4275 a
1815 4214 2158 4276 Jeroboamo
2192 4211 2273 4272 n.
2314 4230 2437 4269 sur

183 4314 425 4380 scepta,
485 4301 693 4361 eodem
749 4304 856 4362 illo
906 4303 1041 4361 loco
1096 4310 1565 4376 commemprsta.
1648 4299 1782 4361 Jam
1833 4322 2010 4380 quum
2070 4319 2107 4355 a
2147 4294 2416 4370 Jesajano

186 4390 431 4469 ingenio
497 4397 557 4445 et
603 4388 838 4447 dicendi
891 4388 1067 4448 modo
1121 4386 1237 4446 boe
1287 4386 1638 4447 vaticinium
1691 4405 1932 4464 prorsus
1989 4387 2276 4460 discrepet
2327 4378 2421 4458 (id
