2740 4864
732 297 1111 394 Jesajas.
1225 304 1389 394 Cap.
1425 300 1548 389 55,
1601 310 1667 370 4.
1703 304 1772 370 5.
2197 306 2339 380 691

130 486 355 545 eaodem
388 502 651 561 prorsus,
692 503 865 563 quam
898 504 1046 565 quae
1075 485 1452 564 praecedunt,
1479 489 1834 548 sententiam
1862 479 2142 552 fundunt.
2218 494 2338 557 Sed

130 582 263 631 ante
301 566 468 664 ῦξὲῠ
511 572 882 631 inserendum
926 591 1051 630 esse
1096 572 1423 631 Pronomen
1471 585 1634 645 mn,
1699 594 1775 633 ex
1816 579 2170 637 auctoritate
2212 592 2336 642 tum

129 637 380 737 vulgati
404 667 464 713 et
498 654 659 733 Syri,
705 665 830 715 tum
870 657 1153 716 librorum
1185 660 1714 735 manuscriptorum
1754 672 1814 718 et
1851 664 2139 722 editorum
2177 683 2336 725 com·
2373 665 2376 668 ’

131 744 409 819 plurium,
461 760 498 797 a
545 739 900 801 Kennicotto
943 753 1003 801 et
1042 741 1173 801 De·
1189 740 1401 800 Rossio
1446 755 1954 819 enumeratorum,
1992 749 2339 823 judicarunt
2428 745 2434 750 ’

130 826 399 886 howthus
441 838 505 884 et
550 823 938 902 Doederlein,
1001 838 1310 906 propterea
1351 829 1509 906 quod
1565 846 1636 887 eo
1684 829 2082 890 additamento
2136 838 2227 894 vis
2276 849 2338 894 et

127 913 415 992 elegantia
467 910 626 971 haud
676 913 987 972 mediocris
1049 912 1188 973 huic
1241 913 1372 971 loco
1422 912 1684 972 accedat.
1776 915 2041 997 Pergunt
2093 933 2336 998 gentes.

130 1008 325 1085 was-72⁸³
386 1005 519 1076 cer}
516 991 608 1088 ὃς,
664 1006 805 1076 πρυ
866 1010 993 1079 ³:³³³
1056 996 1309 1060 mutin
1367 1009 1580 1061 armai
1634 1007 1703 1054 ae
1754 1018 1865 1059 no·
1909 1003 2338 1081 reputabamus

125 1064 256 1139 aab}
280 1061 685 1160 'per-cussum,
744 1063 993 1141 σ’ἆοοιιηῖ
1020 1063 1311 1142 divinit'ui
1358 1092 1425 1141 et
1454 1062 1770 1160 afflictum.
1855 1085 2094 1186 „l·3st,“
2148 1091 2342 1168 inquit

126 1167 560 1237 Βοειιειιιεικ,
601 1206 647 1238 ,,
659 1167 977 1241 descriptio
1015 1169 1212 1247 gentis
1247 1166 1527 1228 Iudaicae
1566 1170 1631 1227 in
1670 1172 1872 1242 exilio,
1916 1173 1983 1228 iu
2024 1191 2139 1247 quo
2181 1176 2339 1232 anti-

125 1270 294 1330 quam
327 1252 675 1331 (lignitatem
719 1261 782 1309 et
815 1251 990 1313 decus
1031 1255 1265 1331 penitus
1297 1257 1592 1327 amiserat,
1633 1263 1692 1313 et
1722 1258 1908 1314 veluti
1939 1257 2101 1314 letali
2133 1260 2338 1318 morbo

126 1335 589 1406 conflictabatur,
632 1336 706 1395 of.
733 1339 842 1411 49,
868 1342 929 1397 7.
969 1338 1200 1412 60,15.
1247 1335 1351 1412 54,
1383 1339 1441 1398 6.
1463 1343 1520 1397 7.
1543 1340 1642 1398 11.
1687 1337 1792 1415 57,
1821 1342 1917 1399 18.
1962 1353 2024 1399 et
2052 1341 2165 1399 Jes.
2188 1345 2242 1415 1,
2255 1348 2340 1415 6.,
2414 1408 2424 1423 ⁰

124 1424 211 1480 ita
252 1421 519 1499 quidem,
580 1432 649 1481 ut
689 1421 810 1481 fere
853 1423 1271 1505 desperandum
1310 1433 1499 1496 esset,
1562 1434 1633 1482 ut
1671 1426 1737 1483 in
1772 1382 1977 1503 iepra,
2038 1428 2131 1485 vel
2177 1431 2341 1486 omni

124 1507 324 1566 morbo
368 1505 655 1564 divinitus
696 1509 955 1567 immisso
1000 1504 1261 1603 (mr-fb&
1310 1505 1531 1595 ¹7:72),
1589 1512 1685 1569 cui
1727 1510 1950 1569 frustra
1993 1511 2343 1572 medicinam

124 1600 293 1669 parat
342 1609 441 1648 ars
481 1590 752 1650 bumana.
768 1594 812 1629 ‘⁶
897 1593 1182 1654 Videlicet
1225 1577 1361 1680 ’ξ’-ιδῃ
1416 1597 1614 1670 plures
1665 1596 1963 1676 leprosum
2014 1607 2343 1673 exponunt,

123 1696 234 1735 nec
263 1675 472 1734 desunt
513 1678 663 1750 loca,
706 1678 918 1755 quibus
945 1683 1126 1757 lepra,
1165 1662 1440 1757 tanqu'am
1475 1679 1653 1758 plaga
1688 1683 1942 1739 omnium
1975 1682 2343 1740 atrocissima

121 1776 186 1819 et
223 1761 640 1833 crudelissima,
680 1765 1022 1839 simpliciter
1061 1765 1347 1824 vocabulo
1391 1777 1491 1851 523
1533 1764 1895 1844 designatur,
1939 1766 2121 1825 veluti
2153 1766 2341 1825 Levit.

129 1848 241 1917 13,
276 1848 383 1904 22.
416 1847 519 1905 29.
576 1845 755 1906 Deut.
792 1850 891 1923 17,
926 1852 988 1909 8.
1075 1851 1269 1918 Quare
1318 1854 1442 1926 jam
1469 1828 1882 1927 Hieronymus
1927 1851 2169 1909 eandem
2222 1854 2343 1911 vim

123 1932 394 1991 vocabuli
431 1930 544 1990 hoe
584 1933 712 1990 loeo
753 1937 1061 1994 statuebat.
1145 1933 1263 1993 Sed
1300 1953 1478 2011 quum
1523 1934 1684 1990 nulla
1726 1937 1807 1992 sit
1844 1954 2053 2006 causa,
2101 1953 2206 1993 cur
2245 1934 2345 1996 hic

124 2017 471 2092 nominatim
505 2015 574 2074 de
603 2017 767 2094 lepra
796 2022 1140 2099 cogitemus,
1191 2021 1253 2077 in
1284 2021 1496 2078 latiore
1522 2017 1700 2078 Verbi
1739 2032 1842 2106 ³⁹²3
1886 2021 2344 2099 significatione,

123 2119 245 2176 qua
282 2102 550 2159 universe
590 2099 660 2159 de
702 2103 1143 2183 quibuscunque
1186 2106 1382 2184 plagis
1423 2103 1732 2163 adhibetur
1768 2085 1914 2177 (vid.
1948 2106 2344 2178 Gen.12,1⁷.

122 2186 224 2245 Pe.
262 2186 368 2258 39,
413 2186 510 2244 11.
574 2185 899 2265 73‚14.)‚
955 2191 1323 2269 acquiescere
1363 2206 1693 2267 possumus.
1774 2187 1935 2248 Bene
1975 2188 2346 2250 'lheodotion

118 2263 693 2352 μεμαστιγώμενος,
724 2273 1102 2349 flagellatus,
1144 2276 1360 2347 vertit,
1416 2274 1460 2330 i.
1488 2292 1539 2331 e.
1579 2276 1945 2351 gravissimis
1989 2276 2370 2341 cruciatibus,

121 2356 389 2414 affectus.
443 2357 694 2417 Sensum
723 2357 882 2417 haud
911 2362 1062 2419 male
1095 2361 1383 2438 expressit
1410 2360 1881 2418 Alexandrinus:
1925 2354 2347 2442 ἐλογισάμεθα

116 2438 320 2505 αὐτὸν
370 2436 534 2505 εἶναι
584 2444 651 2505 ἐν
702 2430 891 2524 πόνῳ.
971 2444 1308 2504 Dictionem
1363 2438 1580 2535 wrfb&
1624 2455 1771 2532 Γιξυ
1804 2462 2163 2547 percussum·
2202 2444 2345 2519 Dei,

122 2531 171 2588 i.
201 2550 258 2586 e.
300 2548 338 2586 a
363 2526 514 2603 Deo,
557 2528 803 2589 Martini
848 2539 1009 2589 recte
1051 2530 1320 2590 observat
1361 2507 1771 2604 explicandam
1797 2549 1920 2589 esse
1954 2551 2031 2590 ex
2068 2533 2346 2605 opinione

121 2625 434 2672 constante
493 2624 620 2673 tum
683 2618 1033 2692 populorum
1088 2616 1489 2692 antiquiorum
1548 2615 1845 2691 omnium,
1917 2627 2042 2675 tum
2096 2619 2349 2676 maxime

123 2701 557 2773 Orientalium,
615 2717 732 2777 qua
787 2702 1092 2780 graviores
1144 2701 1506 2758 calamitates
1562 2717 1969 2779 quascunque,
2029 2702 2157 2759 sive
2212 2703 2349 2759 illae

119 2783 345 2843 morbis
384 2795 443 2841 et
486 2786 754 2859 corporis
797 2785 1190 2857 cruciatibus,
1249 2787 1374 2841 sive
1412 2780 1547 2841 aliis
1584 2784 2039 2844 adversitatibus
2084 2788 2349 2846 contine-

118 2877 360 2942 rentur,
400 2870 736 2929 immediate
770 2871 845 2929 ad
876 2867 1085 2943 Deum,
1115 2881 1483 2946 peccatorum
1513 2869 1825 2944 vindicem,
1866 2871 2101 2942 referre,
2134 2888 2347 2950 easque

120 2964 408 3031 tanquam
451 2972 671 3030 poenas
732 2956 803 3013 ab
860 2956 1016 3012 irato
1064 2956 1303 3012 numine
1347 2951 1600 3010 inflictas
1650 2956 2016 3014 considerare
2058 2955 2349 3014 solebant.

116 3039 289 3100 Hinc
330 3038 858 3117 frequentissimum
905 3051 995 3097 est
1023 3041 1284 3098 Orientis
1324 3039 1728 3113 scriptoribus,
1774 3051 1861 3113 ut,
1907 3042 1959 3098 si
2001 3059 2167 3118 quem
2205 3040 2352 3098 diris

119 3125 303 3184 malis
345 3124 662 3193 tolerandis
704 3133 1073 3201 peecatorum
1118 3142 1357 3183 sucrum
1403 3123 1590 3197 justas
1633 3142 1849 3201 poenas
1897 3126 2080 3183 luisse
2115 3123 2352 3202 signiflq

117 3228 264 3267 care
306 3210 516 3279 velint,
553 3226 684 3268 eum
729 3211 1080 3269 torminibus
1117 3210 1402 3268 divinitus
1439 3208 1716 3266 immissis
1758 3228 2092 3289 oppressum
2129 3210 2349 3269 dicant.

120 3294 235 3354 sio
263 3295 330 3351 in
359 3290 787 3353 Bar-Hebraei
815 3293 1107 3352 Chronico
1129 3293 1379 3371 Syriaco
1425 3309 1484 3367 p.
1499 3296 1605 3350 44.
1640 3291 1710 3350 de
1736 3294 2025 3354 Antiocho
2046 3291 2354 3371 Epiphaue

121 3377 387 3438 dicitur:
430 3376 582 3435 obiit
621 3397 701 3437 ex
749 3377 952 3437 dolore
991 3377 1230 3451 acerbo,
1274 3396 1443 3455 quens
1473 3377 1670 3458 plaga
1701 3379 1898 3437 divina
1929 3379 1996 3448 ei,
2017 3378 2354 3456 inflixerat.

118 3463 262 3521 vid.
298 3472 365 3520 et
405 3482 461 3540 p.
498 3464 600 3522 43.
636 3465 744 3523 64.
824 3462 1223 3523 Hebraeorum
1264 3464 1449 3540 poetis
1496 3461 1647 3521 nihil
1684 3474 1773 3522 est
1815 3465 2134 3536 usitatius,
2178 3479 2353 3539 quam

120 3550 481 3626 populorum
538 3543 665 3615 dira
717 3550 847 3608 fata
892 3561 952 3606 et
994 3549 1351 3607 calamitates
1395 3547 1655 3625 publicas
1699 3567 1831 3607 cum
1879 3550 2070 3627 plagis
2122 3556 2182 3604 et
2223 3564 2360 3605 ver·

118 3634 366 3692 beribus
412 3636 507 3692 vel
542 3653 579 3690 a
620 3632 792 3704 Jon,
826 3635 920 3692 vel
958 3632 1030 3691 ab
1076 3630 1339 3692 hostibus
1382 3630 1620 3690 inflictis
1661 3632 1948 3710 conferre,
2003 3631 2125 3693 vid.
2163 3630 2279 3691 Jes.
2300 3632 2359 3705 1,

122 3718 190 3781 5.
228 3721 288 3778 6.
341 3716 554 3777 Jerem.
588 3721 807 3793 ³0‚212
834 3751 900 3763 -
925 3716 1024 3777 15.
1081 3717 1225 3777 Hos.
1260 3716 1322 3794 5,
1360 3719 1457 3777 11.
1493 3734 1580 3795 sq.
1632 3718 1725 3777 Ps.
1764 3720 1902 3777 129.

308 3833 373 3896 5.
460 3835 732 3930 π’·ξιρξη
792 3830 967 3931 ἒξίτῑῑ
1027 3845 1184 3924 &au-12
1244 3833 1328 3892 Ee
1383 3831 1482 3890 illo
1543 3833 1917 3895 vulneratur
1948 3842 2045 3894 est
2096 3839 2362 3914 propter

120 3953 363 4013 delicta
408 3963 643 4012 nostra.
727 3948 976 4044 ὲξῆηη,
1021 3956 1154 4012 coll.
1183 3951 1363 4014 Arab.
1405 3915 1533 4030 δὲ
1568 3926 1972 4033 perforavit,
2009 3958 2181 4011 notat
2223 3967 2365 4008 cons-

95 4055 409 4128 fossmn,
455 4054 797 4112 vulneribus
841 4054 1208 4115 transfixum.
1293 4054 1465 4124 Quod
1503 4054 1714 4135 ‘gentes
1756 4053 2050 4128 fatentur,
2090 4051 2366 4130 populum

115 4140 471 4200 Hebraeum
507 4148 743 4216 propter
785 4157 892 4196 sua
934 4142 1195 4217 ipsorum
1225 4150 1467 4217 peccata
1498 4143 1748 4218 plectum
1782 4138 1985 4212 fuisse,
2023 4139 2189 4196 illum
2221 4135 2371 4192 assi-

112 4227 350 4283 milant
396 4226 652 4301 piaculo,
696 4225 762 4281 in
802 4222 958 4301 quod
1000 4227 1249 4285 aliorum
1289 4228 1462 4302 culpa
1502 4236 1804 4305 congesta,
1850 4228 2088 4303 ejusque
2127 4219 2366 4279 vicariis

110 4310 450 4386 suppliciis
494 4307 713 4367 abolita
756 4310 870 4381 sit,
913 4309 993 4367 cs.
1033 4309 1095 4384 5,
1124 4313 1182 4367 6.
1213 4317 1275 4372 7.
1358 4311 1493 4379 Quo
1538 4309 1698 4368 facto
1739 4311 1918 4387 ipsis,
1963 4310 2066 4387 qui
2098 4308 2218 4382 jam
2256 4304 2370 4361 rite

114 4397 358 4470 expiati
411 4411 841 4473 poenarumque
888 4396 1222 4456 imminente
1266 4397 1423 4455 mols
1464 4395 1699 4455 liberati
1734 4404 1958 4537 Σῗίιιε,
1995 4397 2118 4470 jam
2160 4407 2372 4450 novam
